symbol,price,quantity,side,ask_inclusive_of_buy_spread,buy_spread,timestamp
BTC-USD,99829.3751284665754,1,ask,100387.16627952,0.00558745,2024-12-08T12:18:29.762067959-05:00
BTC-USD,99870.83696995,1,ask,100427.9598959,0.00557843,2024-12-08T12:19:29.896652507-05:00
BTC-USD,99855.5312268609466,1,ask,100413.69470482,0.00558971,2024-12-08T12:20:30.057084137-05:00
BTC-USD,99843.2203,1,ask,100402.028716,0.00559686,2024-12-08T12:21:30.194554285-05:00
BTC-USD,99885.4434229901436,1,ask,100440.35391279,0.00555547,2024-12-08T12:22:30.337522183-05:00
BTC-USD,100031.681752783171,1,ask,100594.9572315,0.00563097,2024-12-08T12:23:30.476011732-05:00
BTC-USD,100042.6676856167156,1,ask,100603.20649916,0.005603,2024-12-08T12:24:30.629951166-05:00
BTC-USD,100053.5184236722744,1,ask,100612.86417857,0.00559047,2024-12-08T12:25:30.777026814-05:00
BTC-USD,100038.85760072865,1,ask,100600.626169537452,0.0056155,2024-12-08T12:26:30.915093175-05:00
BTC-USD,100028.3865152448096,1,ask,100587.75421255,0.00559209,2024-12-08T12:27:31.062527624-05:00
BTC-USD,99985.7055482412092,1,ask,100546.49,0.00560865,2024-12-08T12:28:31.218787527-05:00
BTC-USD,99951.6711093789172,1,ask,100512.9854831467764,0.00561586,2024-12-08T12:29:31.380698456-05:00
BTC-USD,99947.6476659551594,1,ask,100509.7078352087028,0.00562355,2024-12-08T12:30:31.530870758-05:00
BTC-USD,99961.3880812399722,1,ask,100517.38394301,0.00556211,2024-12-08T12:31:31.701688581-05:00
BTC-USD,99957.8304484073788,1,ask,100513.77698,0.00556181,2024-12-08T12:32:31.860960917-05:00
BTC-USD,99906.6073907227854,1,ask,100464.6208894455708,0.00558535,2024-12-08T12:33:31.993544437-05:00
BTC-USD,99972.9937168805148,1,ask,100534.6193983176024,0.00561777,2024-12-08T12:34:32.169363428-05:00
BTC-USD,99915.103337245,1,ask,100473.60247449,0.00558974,2024-12-08T12:35:32.326571315-05:00
BTC-USD,99847.03444929316,1,ask,100402.8132,0.0055663,2024-12-08T12:36:32.471757518-05:00
BTC-USD,99847.9850664157928,1,ask,100408.7805871562748,0.00561649,2024-12-08T12:37:32.616064158-05:00
BTC-USD,99809.344252583018,1,ask,100368.5,0.00560224,2024-12-08T12:38:32.752080476-05:00
BTC-USD,99813.6956306479652,1,ask,100366.860004,0.00554197,2024-12-08T12:39:32.896882168-05:00
BTC-USD,99838.0690067422304,1,ask,100394.65,0.00557484,2024-12-08T12:40:33.073505976-05:00
BTC-USD,99899.5663776716172,1,ask,100460.3959009954548,0.00561393,2024-12-08T12:41:33.237886923-05:00
BTC-USD,99829.7501614966154,1,ask,100386.1,0.00557299,2024-12-08T12:42:33.382787501-05:00
BTC-USD,99836.257960033404,1,ask,100393.35322725,0.00558009,2024-12-08T12:43:33.528020703-05:00
BTC-USD,99883.7579157315396,1,ask,100440.611748,0.00557502,2024-12-08T12:44:33.655866945-05:00
BTC-USD,99893.8835357088792,1,ask,100450.95,0.00557658,2024-12-08T12:45:33.807597183-05:00
BTC-USD,99959.2963684597008,1,ask,100520.4900135978612,0.00561422,2024-12-08T12:46:33.953563905-05:00
BTC-USD,99986.1121364561026,1,ask,100543.5200332,0.00557485,2024-12-08T12:47:34.112621787-05:00
BTC-USD,100005.0796818437648,1,ask,100566.6846315218892,0.00561576,2024-12-08T12:48:34.248746196-05:00
BTC-USD,99974.2928918436024,1,ask,100533.7818747,0.00559633,2024-12-08T12:49:34.41692666-05:00
BTC-USD,99973.1147909283402,1,ask,100530.209716,0.00557245,2024-12-08T12:50:34.567151108-05:00
BTC-USD,99962.9838267493128,1,ask,100518.33,0.00555552,2024-12-08T12:51:34.721330512-05:00
BTC-USD,100006.594405307952,1,ask,100567.8754905,0.00561244,2024-12-08T12:52:34.859417772-05:00
BTC-USD,99948.179182152499,1,ask,100504.88174,0.00556991,2024-12-08T12:53:35.007008098-05:00
BTC-USD,99935.9317873540584,1,ask,100492.69,0.00557115,2024-12-08T12:54:35.162975345-05:00
BTC-USD,100006.322015533828,1,ask,100565.84335398,0.00559486,2024-12-08T12:55:35.320131379-05:00
BTC-USD,100027.639609215745,1,ask,100586.40616153,0.00558612,2024-12-08T12:56:35.460472972-05:00
BTC-USD,100054.8195776968556,1,ask,100615.17799763,0.00560051,2024-12-08T12:57:35.618804763-05:00
BTC-USD,100036.822900712007,1,ask,100599.265227874014,0.00562235,2024-12-08T12:58:35.778426589-05:00
BTC-USD,99990.327964113497,1,ask,100547.367836,0.00557094,2024-12-08T12:59:35.915443919-05:00
BTC-USD,99989.061283590852,1,ask,100546.205516,0.00557205,2024-12-08T13:00:36.057884535-05:00
BTC-USD,100061.2629639296698,1,ask,100622.969955800334,0.00561363,2024-12-08T13:01:36.162961292-05:00
BTC-USD,100086.0730298463016,1,ask,100644.55344067,0.00558,2024-12-08T13:02:36.308118052-05:00
BTC-USD,100074.1172146523354,1,ask,100635.1968334932324,0.00560664,2024-12-08T13:03:36.463690758-05:00
BTC-USD,100044.452664980571,1,ask,100603.053196,0.00558352,2024-12-08T13:04:36.615357564-05:00
BTC-USD,100019.9116493837806,1,ask,100581.9209223775884,0.00561897,2024-12-08T13:05:36.761386846-05:00
BTC-USD,99951.3672586498846,1,ask,100505.26,0.00554162,2024-12-08T13:06:36.89755276-05:00
BTC-USD,99965.9117366807454,1,ask,100520.622036,0.00554899,2024-12-08T13:07:37.035403037-05:00
BTC-USD,99966.2639499770636,1,ask,100524.585516,0.0055851,2024-12-08T13:08:37.20117209-05:00
BTC-USD,100023.5486247463074,1,ask,100580.14879044,0.00556469,2024-12-08T13:09:37.368180227-05:00
BTC-USD,100065.1788974372144,1,ask,100622.02902797336,0.00556487,2024-12-08T13:10:37.506011029-05:00
BTC-USD,100065.3785590362386,1,ask,100620.90737164651,0.00555166,2024-12-08T13:11:37.657088675-05:00
BTC-USD,100066.4846391611084,1,ask,100625.51888699966,0.00558663,2024-12-08T13:12:37.813703456-05:00
BTC-USD,100041.5623529522936,1,ask,100603.5217353192,0.00561726,2024-12-08T13:13:37.971224259-05:00
BTC-USD,99978.3997117398688,1,ask,100533.623916,0.00555344,2024-12-08T13:14:38.11714908-05:00
BTC-USD,99999.986199755241,1,ask,100556.33855699404,0.00556352,2024-12-08T13:15:38.228084872-05:00
BTC-USD,100052.8089020861938,1,ask,100614.2994771059376,0.00561194,2024-12-08T13:16:38.377703885-05:00
BTC-USD,99976.6895533660998,1,ask,100531.4,0.0055484,2024-12-08T13:17:38.533411259-05:00
BTC-USD,99993.608076646179,1,ask,100551.763776,0.00558191,2024-12-08T13:18:38.680980766-05:00
BTC-USD,99908.5844411801444,1,ask,100465.04,0.00556965,2024-12-08T13:19:38.821921796-05:00
BTC-USD,99902.3679514130158,1,ask,100456.99,0.00555164,2024-12-08T13:20:38.977891239-05:00
BTC-USD,99880.132853697336,1,ask,100440.2,0.00560739,2024-12-08T13:21:39.115597885-05:00
BTC-USD,99793.7933614950836,1,ask,100348.648864,0.00556002,2024-12-08T13:22:39.283724911-05:00
BTC-USD,99762.997751830951,1,ask,100318.22,0.00556541,2024-12-08T13:23:39.418522109-05:00
BTC-USD,99787.4417072758302,1,ask,100344.387116,0.00558132,2024-12-08T13:24:39.520439872-05:00
BTC-USD,99731.5025243098504,1,ask,100285.66,0.00555649,2024-12-08T13:25:39.684935546-05:00
BTC-USD,99701.4998179888292,1,ask,100258.507136,0.00558675,2024-12-08T13:26:39.845921745-05:00
BTC-USD,99668.0713054209202,1,ask,100222.41,0.00556185,2024-12-08T13:27:39.993620857-05:00
BTC-USD,99725.2425393192184,1,ask,100284.917328,0.00561217,2024-12-08T13:28:40.147289041-05:00
BTC-USD,99763.3112398657704,1,ask,100320.137108,0.00558147,2024-12-08T13:29:40.287255847-05:00
BTC-USD,99765.58424494886,1,ask,100325.9964047797008,0.00561729,2024-12-08T13:30:40.451485454-05:00
BTC-USD,99700.6822549691946,1,ask,100256.883928,0.00557871,2024-12-08T13:31:40.631432453-05:00
BTC-USD,99695.7696695825856,1,ask,100249.76,0.00555681,2024-12-08T13:32:40.81014939-05:00
BTC-USD,99756.131459253909,1,ask,100316.218165462278,0.00561456,2024-12-08T13:33:40.968544672-05:00
BTC-USD,99778.0383644663852,1,ask,100334.264356,0.00557463,2024-12-08T13:34:41.155498912-05:00
BTC-USD,99810.826554828451,1,ask,100369.18972,0.00559421,2024-12-08T13:35:41.320073273-05:00
BTC-USD,99839.0931256255582,1,ask,100392.24,0.00554038,2024-12-08T13:36:41.475235596-05:00
BTC-USD,99888.696213343541,1,ask,100448.4019860606348,0.00560329,2024-12-08T13:37:41.644537945-05:00
BTC-USD,99806.6191485305956,1,ask,100361.97,0.00556427,2024-12-08T13:38:41.824047761-05:00
BTC-USD,99798.9810543526232,1,ask,100355.041316,0.0055718,2024-12-08T13:39:41.983123815-05:00
BTC-USD,99828.5187858021748,1,ask,100387.416864,0.00559858,2024-12-08T13:40:42.131612641-05:00
BTC-USD,99799.771827326711,1,ask,100359.5448130055172,0.00560896,2024-12-08T13:41:42.300331726-05:00
BTC-USD,99803.878175377699,1,ask,100359.96,0.00557175,2024-12-08T13:42:42.45984488-05:00
BTC-USD,99851.586449815077,1,ask,100409.73,0.00558973,2024-12-08T13:43:42.624958544-05:00
BTC-USD,99853.690938,1,ask,100412.720596,0.00559849,2024-12-08T13:44:42.800253924-05:00
BTC-USD,99894.6754227245524,1,ask,100451.6774,0.00557589,2024-12-08T13:45:42.958332075-05:00
BTC-USD,99831.8563412557962,1,ask,100389.741316,0.00558825,2024-12-08T13:46:43.108520761-05:00
BTC-USD,99817.820956052866,1,ask,100375.903512105732,0.00559101,2024-12-08T13:47:43.274899762-05:00
BTC-USD,99811.7321235377358,1,ask,100371.9487830754716,0.00561273,2024-12-08T13:48:43.447185236-05:00
BTC-USD,99814.7826170923212,1,ask,100370.856832,0.00557106,2024-12-08T13:49:43.636730492-05:00
BTC-USD,99834.5994190269914,1,ask,100389.7439017839828,0.00556064,2024-12-08T13:50:43.803460967-05:00
BTC-USD,99817.4603682296474,1,ask,100374.0415160892948,0.00557599,2024-12-08T13:51:43.957741312-05:00
BTC-USD,99833.5633193607794,1,ask,100391.004512,0.00558371,2024-12-08T13:52:44.115267617-05:00
BTC-USD,99837.8482494233262,1,ask,100393.449716,0.00556504,2024-12-08T13:53:44.270964738-05:00
BTC-USD,99862.0275,1,ask,100418.89,0.00557632,2024-12-08T13:54:44.429063153-05:00
BTC-USD,99843.054412655933,1,ask,100399.483484,0.00557304,2024-12-08T13:55:44.585124434-05:00
BTC-USD,99801.72591357,1,ask,100359.577144,0.0055896,2024-12-08T13:56:44.737242001-05:00
BTC-USD,99799.04535027,1,ask,100353.2216,0.00555292,2024-12-08T13:57:44.898611622-05:00
BTC-USD,99810.507812,1,ask,100367.631476,0.00558181,2024-12-08T13:58:45.015781945-05:00
BTC-USD,99720.3064425984652,1,ask,100276.6396478969304,0.00557894,2024-12-08T13:59:45.193308756-05:00
BTC-USD,99688.004815272406,1,ask,100245.431316,0.00559171,2024-12-08T14:00:45.358918709-05:00
BTC-USD,99713.138098,1,ask,100270.298716,0.00558763,2024-12-08T14:01:45.516336884-05:00
BTC-USD,99757.488860795,1,ask,100311.993484,0.00555853,2024-12-08T14:02:45.67356523-05:00
BTC-USD,99757.000895548643,1,ask,100315.82,0.0056018,2024-12-08T14:03:45.832055531-05:00
BTC-USD,99744.3466112103468,1,ask,100300.62,0.00557699,2024-12-08T14:04:45.996022338-05:00
BTC-USD,99759.6404981125118,1,ask,100318.404972,0.00560111,2024-12-08T14:05:46.171837791-05:00
BTC-USD,99818.0944219003892,1,ask,100377.724260426732,0.0056065,2024-12-08T14:06:46.288703677-05:00
BTC-USD,99750.7051586185496,1,ask,100308.90078,0.00559591,2024-12-08T14:07:46.434667519-05:00
BTC-USD,99690.9674763751752,1,ask,100248.952692,0.00559715,2024-12-08T14:08:46.60162397-05:00
BTC-USD,99680.7562231639802,1,ask,100236.240588,0.00557263,2024-12-08T14:09:47.749741538-05:00
BTC-USD,99662.2334907719634,1,ask,100221.9145321227624,0.00561578,2024-12-08T14:10:48.135743187-05:00
BTC-USD,99640.104550395285,1,ask,100199.7484345469052,0.00561665,2024-12-08T14:11:48.290019643-05:00
BTC-USD,99610.126157091817,1,ask,100165.37,0.00557417,2024-12-08T14:12:48.444522485-05:00
BTC-USD,99589.4054551809608,1,ask,100144.280876,0.00557163,2024-12-08T14:13:48.60231222-05:00
BTC-USD,99597.0235744393724,1,ask,100153.391172,0.00558619,2024-12-08T14:14:48.78632937-05:00
BTC-USD,99598.8901318886774,1,ask,100156.9457748673548,0.00560303,2024-12-08T14:15:48.940813379-05:00
BTC-USD,99573.1224153091526,1,ask,100131.6231979283052,0.00560895,2024-12-08T14:16:49.106578346-05:00
BTC-USD,99541.6747888663338,1,ask,100100.5575986420928,0.00561456,2024-12-08T14:17:49.256045177-05:00
BTC-USD,99621.4934308977384,1,ask,100180.4803952348088,0.00561111,2024-12-08T14:18:49.424913565-05:00
BTC-USD,99587.7845643066406,1,ask,100147.2444168532812,0.00561776,2024-12-08T14:19:49.586168254-05:00
BTC-USD,99629.662150620776,1,ask,100188.5564772882972,0.00560972,2024-12-08T14:20:49.753472396-05:00
BTC-USD,99639.968638228585,1,ask,100199.96839736,0.00562023,2024-12-08T14:21:50.906066546-05:00
BTC-USD,99615.9150368256286,1,ask,100174.5823148607348,0.00560821,2024-12-08T14:22:51.056183155-05:00
BTC-USD,99608.334899315,1,ask,100165.05582,0.0055891,2024-12-08T14:23:51.211046176-05:00
BTC-USD,99617.7609036347978,1,ask,100178.035832833938,0.00562425,2024-12-08T14:24:51.374565171-05:00
BTC-USD,99589.550986119874,1,ask,100144.719856,0.00557457,2024-12-08T14:25:51.524830932-05:00
BTC-USD,99583.9530332377634,1,ask,100140.22,0.00558591,2024-12-08T14:26:51.678743291-05:00
BTC-USD,99588.415216548452,1,ask,100147.730075366904,0.00561626,2024-12-08T14:27:51.845953341-05:00
BTC-USD,99566.0883062084128,1,ask,100120.11,0.00556436,2024-12-08T14:28:52.012738372-05:00
BTC-USD,99579.9607944250366,1,ask,100134.19,0.00556567,2024-12-08T14:29:52.183118996-05:00
BTC-USD,99616.274866750467,1,ask,100172.04,0.00557906,2024-12-08T14:30:52.334799755-05:00
BTC-USD,99679.0952230672622,1,ask,100233.889716,0.00556581,2024-12-08T14:31:52.50922664-05:00
BTC-USD,99750.7815648518134,1,ask,100308.019752,0.0055863,2024-12-08T14:32:52.67680923-05:00
BTC-USD,99780.773084265,1,ask,100334.7158,0.0055516,2024-12-08T14:33:52.833414498-05:00
BTC-USD,99734.6950534218338,1,ask,100292.58,0.00559369,2024-12-08T14:34:53.016639217-05:00
BTC-USD,99774.0219652874966,1,ask,100332.5896977349932,0.00559833,2024-12-08T14:35:53.181183136-05:00
BTC-USD,99759.7676394609974,1,ask,100317.4664,0.00559042,2024-12-08T14:36:53.363337013-05:00
BTC-USD,99814.2504759440654,1,ask,100370.934076,0.0055772,2024-12-08T14:37:53.525706637-05:00
BTC-USD,99871.047948,1,ask,100429.33,0.00559003,2024-12-08T14:38:53.692241636-05:00
BTC-USD,99886.7174749709828,1,ask,100446.5250071051832,0.00560442,2024-12-08T14:39:53.840728176-05:00
BTC-USD,99899.6827614138054,1,ask,100457.99,0.00558868,2024-12-08T14:40:53.994430432-05:00
BTC-USD,99872.0495647493552,1,ask,100429.438708,0.00558103,2024-12-08T14:41:54.152114248-05:00
BTC-USD,99934.6480943237354,1,ask,100493.6015554374708,0.00559319,2024-12-08T14:42:54.314609886-05:00
BTC-USD,99980.8874763218744,1,ask,100538.920596,0.0055814,2024-12-08T14:43:54.477614979-05:00
BTC-USD,99939.74474024,1,ask,100492.19,0.00552778,2024-12-08T14:44:54.64002925-05:00
BTC-USD,99965.174522801083,1,ask,100522.981316,0.00558001,2024-12-08T14:45:54.794286293-05:00
BTC-USD,99997.0516602036806,1,ask,100557.9432577599264,0.00560908,2024-12-08T14:46:54.965045245-05:00
BTC-USD,99983.3662004826852,1,ask,100542.0309689653704,0.00558758,2024-12-08T14:47:55.128124974-05:00
BTC-USD,99945.4419750340766,1,ask,100503.7932971681532,0.00558656,2024-12-08T14:48:55.304960213-05:00
BTC-USD,99944.2777398,1,ask,100503.871316,0.00559906,2024-12-08T14:49:55.449426695-05:00
BTC-USD,99915.728768733397,1,ask,100474.436832,0.00559179,2024-12-08T14:50:55.610964927-05:00
BTC-USD,99894.6240367537646,1,ask,100448.7657509075292,0.00554726,2024-12-08T14:51:55.762134557-05:00
BTC-USD,99905.0853125527002,1,ask,100462.31408,0.00557758,2024-12-08T14:52:55.916139898-05:00
BTC-USD,99903.4463386836438,1,ask,100460.52,0.00557612,2024-12-08T14:53:56.088125524-05:00
BTC-USD,99879.1390213687444,1,ask,100439.1060806874888,0.00560645,2024-12-08T14:54:56.261536344-05:00
BTC-USD,99887.6746945202752,1,ask,100443.8158,0.00556766,2024-12-08T14:55:56.424848323-05:00
BTC-USD,99938.3297474794524,1,ask,100494.36232,0.00556376,2024-12-08T14:56:56.586238753-05:00
BTC-USD,100009.928750859988,1,ask,100572.3272077442856,0.00562343,2024-12-08T14:57:56.761961143-05:00
BTC-USD,100124.4032302871356,1,ask,100687.1160962042712,0.00562014,2024-12-08T14:58:56.931209561-05:00
BTC-USD,100145.360437446259,1,ask,100704.766745002518,0.00558594,2024-12-08T14:59:57.093458482-05:00
BTC-USD,100148.3301206653694,1,ask,100711.2101714252352,0.00562046,2024-12-08T15:00:57.242842621-05:00
BTC-USD,100162.887405244203,1,ask,100725.4584129202416,0.00561656,2024-12-08T15:01:57.397086253-05:00
BTC-USD,100200.403535532136,1,ask,100762.301760705774,0.00560774,2024-12-08T15:02:57.558746372-05:00
BTC-USD,100096.51595348046,1,ask,100659.1592765312568,0.00562101,2024-12-08T15:03:57.699631106-05:00
BTC-USD,100094.1083749184846,1,ask,100656.1998405105408,0.00561563,2024-12-08T15:04:57.854534188-05:00
BTC-USD,100116.9130287114852,1,ask,100679.2578610453908,0.00561688,2024-12-08T15:05:57.996419078-05:00
BTC-USD,100141.3905100355654,1,ask,100703.0394252597204,0.00560856,2024-12-08T15:06:58.138296204-05:00
BTC-USD,100113.8885675848664,1,ask,100672.5504790697328,0.00558026,2024-12-08T15:07:58.24673833-05:00
BTC-USD,100143.407301387427,1,ask,100703.80733702,0.00559598,2024-12-08T15:08:58.42026324-05:00
BTC-USD,100175.8144609887718,1,ask,100735.19480325,0.00558399,2024-12-08T15:09:58.565014085-05:00
BTC-USD,100156.327691049271,1,ask,100716.3824434,0.00559181,2024-12-08T15:10:58.720941342-05:00
BTC-USD,100152.9903932760408,1,ask,100714.748317100694,0.005609,2024-12-08T15:11:58.857646688-05:00
BTC-USD,100175.6804783895558,1,ask,100737.935522560602,0.00561269,2024-12-08T15:12:59.008051698-05:00
BTC-USD,100128.6688786270036,1,ask,100692.5293605161952,0.00563136,2024-12-08T15:13:59.144737082-05:00
BTC-USD,100100.902056057975,1,ask,100662.8392767528972,0.00561371,2024-12-08T15:14:59.306069231-05:00
BTC-USD,100081.8338811552248,1,ask,100644.5990861331552,0.00562305,2024-12-08T15:15:59.439932429-05:00
BTC-USD,100019.0768469719212,1,ask,100580.8323343276404,0.00561648,2024-12-08T15:16:59.590550836-05:00
BTC-USD,100006.3399520099256,1,ask,100567.5109646676588,0.00561135,2024-12-08T15:17:59.744900293-05:00
BTC-USD,99997.5327086925682,1,ask,100556.054668,0.00558536,2024-12-08T15:18:59.886221789-05:00
BTC-USD,100008.8547086734044,1,ask,100567.14110453,0.00558237,2024-12-08T15:20:00.047686461-05:00
BTC-USD,100053.2115540188538,1,ask,100608.84014546,0.00555333,2024-12-08T15:21:00.230479885-05:00
BTC-USD,100063.030697862481,1,ask,100623.22606401,0.00559842,2024-12-08T15:22:00.393888493-05:00
BTC-USD,100023.2459174292658,1,ask,100583.51891795,0.00560143,2024-12-08T15:23:00.537892523-05:00
BTC-USD,100029.4386430003752,1,ask,100591.1165955820572,0.00561513,2024-12-08T15:24:00.678454313-05:00
BTC-USD,100054.0574438020048,1,ask,100613.76958603,0.0055941,2024-12-08T15:25:00.836874375-05:00
BTC-USD,100092.3521252955048,1,ask,100650.9918942,0.00558124,2024-12-08T15:26:00.999865487-05:00
BTC-USD,100059.1067657043632,1,ask,100619.5691872887264,0.00560131,2024-12-08T15:27:01.181387905-05:00
BTC-USD,100093.6838949945184,1,ask,100653.6368332297,0.00559429,2024-12-08T15:28:01.329842584-05:00
BTC-USD,100066.477811672045,1,ask,100628.6173035180156,0.00561766,2024-12-08T15:29:01.492997995-05:00
BTC-USD,100059.402225374545,1,ask,100621.662750708372,0.00561927,2024-12-08T15:30:01.660251838-05:00
BTC-USD,99993.7677270148872,1,ask,100553.1702166497744,0.00559437,2024-12-08T15:31:01.799504613-05:00
BTC-USD,99970.5299684306062,1,ask,100527.095516,0.0055673,2024-12-08T15:32:01.963105476-05:00
BTC-USD,99944.3387739533198,1,ask,100495.179856,0.00551148,2024-12-08T15:33:02.135294591-05:00
BTC-USD,99911.9126385396982,1,ask,100466.37464,0.00554951,2024-12-08T15:34:02.307192733-05:00
BTC-USD,99894.8533676154554,1,ask,100452.581316,0.00558315,2024-12-08T15:35:02.485046401-05:00
BTC-USD,99921.5159041085752,1,ask,100477.11,0.0055603,2024-12-08T15:36:02.641914307-05:00
BTC-USD,99936.980347403684,1,ask,100493.071308,0.00556442,2024-12-08T15:37:02.795509371-05:00
BTC-USD,99880.9250597400014,1,ask,100439.511316,0.00559252,2024-12-08T15:38:02.938173428-05:00
BTC-USD,99956.7906508561496,1,ask,100512.289436,0.00555739,2024-12-08T15:39:03.123243438-05:00
BTC-USD,99991.2179563475984,1,ask,100549.5,0.00558331,2024-12-08T15:40:03.286599181-05:00
BTC-USD,99970.7791809638558,1,ask,100526.633196,0.00556016,2024-12-08T15:41:03.434860538-05:00
BTC-USD,100016.9902918060964,1,ask,100577.19112632,0.00560106,2024-12-08T15:42:04.610156622-05:00
BTC-USD,99989.8009254137498,1,ask,100547.49,0.00557746,2024-12-08T15:43:04.78553343-05:00
BTC-USD,99987.2035016960494,1,ask,100548.27209746746,0.0056114,2024-12-08T15:44:04.887019346-05:00
BTC-USD,99979.7849428912236,1,ask,100537.601472,0.00557929,2024-12-08T15:45:05.043246153-05:00
BTC-USD,99970.59790655,1,ask,100529.105516,0.00558672,2024-12-08T15:46:05.214083079-05:00
BTC-USD,99977.206707106609,1,ask,100532.41,0.0055533,2024-12-08T15:47:05.368716839-05:00
BTC-USD,99952.6411185089356,1,ask,100509.14812,0.00556771,2024-12-08T15:48:05.513185725-05:00
BTC-USD,99925.999641481097,1,ask,100486.55960717094,0.00560975,2024-12-08T15:49:05.676916838-05:00
BTC-USD,99985.0415006530956,1,ask,100547.41328464,0.00562456,2024-12-08T15:50:05.834953438-05:00
BTC-USD,99935.8685806547318,1,ask,100496.8678942794636,0.00561359,2024-12-08T15:51:05.981111079-05:00
BTC-USD,99921.1088045446236,1,ask,100478.0158,0.00557347,2024-12-08T15:52:06.143733506-05:00
BTC-USD,99972.9941493634644,1,ask,100530.547396,0.00557704,2024-12-08T15:53:06.332613223-05:00
BTC-USD,99936.5933726262248,1,ask,100493.915516,0.00557676,2024-12-08T15:54:06.503608277-05:00
BTC-USD,99981.7252388623436,1,ask,100535.43,0.00553806,2024-12-08T15:55:06.71778871-05:00
BTC-USD,99905.0976904374008,1,ask,100465.15234,0.00560587,2024-12-08T15:56:06.908235759-05:00
BTC-USD,99921.8390771290254,1,ask,100481.01222001755,0.00559611,2024-12-08T15:57:07.085184962-05:00
BTC-USD,99892.4858743831606,1,ask,100449.7616,0.00557876,2024-12-08T15:58:07.279416286-05:00
BTC-USD,99870.2308359862908,1,ask,100428.218844,0.00558713,2024-12-08T15:59:07.456547795-05:00
BTC-USD,99881.9224579710192,1,ask,100443.1329369206172,0.00561874,2024-12-08T16:00:07.642931883-05:00
BTC-USD,99891.4020332472048,1,ask,100450.57495297,0.00559781,2024-12-08T16:01:07.827979213-05:00
BTC-USD,99917.2238057011628,1,ask,100474.906688,0.00558145,2024-12-08T16:02:08.04241609-05:00
BTC-USD,99924.3919258855458,1,ask,100482.184072,0.00558214,2024-12-08T16:03:08.261346786-05:00
BTC-USD,99920.1894115890702,1,ask,100480.8369347234424,0.00561095,2024-12-08T16:04:08.443091674-05:00
BTC-USD,99954.4419351218426,1,ask,100510.099716,0.00555911,2024-12-08T16:05:08.641555838-05:00
BTC-USD,99913.117079197217,1,ask,100467.3616,0.00554726,2024-12-08T16:06:08.78276695-05:00
BTC-USD,99855.755440785,1,ask,100411.74,0.00556788,2024-12-08T16:07:09.015591143-05:00
BTC-USD,99862.141835461676,1,ask,100419.51949012,0.00558147,2024-12-08T16:08:09.205498236-05:00
BTC-USD,99840.649066375,1,ask,100396.99044,0.00557229,2024-12-08T16:09:09.414993425-05:00
BTC-USD,99863.6646169998454,1,ask,100421.039428,0.00558136,2024-12-08T16:10:09.625377151-05:00
BTC-USD,99856.52178064,1,ask,100413.75,0.00558029,2024-12-08T16:11:09.803620925-05:00
BTC-USD,99825.588709558604,1,ask,100383.201316,0.00558587,2024-12-08T16:12:10.001247855-05:00
BTC-USD,99816.3398003324026,1,ask,100374.20088,0.00558888,2024-12-08T16:13:10.192798057-05:00
BTC-USD,99811.0278994023384,1,ask,100368.794644,0.00558823,2024-12-08T16:14:10.430047029-05:00
BTC-USD,99804.8111413917474,1,ask,100366.2135858361896,0.005625,2024-12-08T16:15:10.607076944-05:00
BTC-USD,99802.8658905318644,1,ask,100362.8195567151588,0.0056106,2024-12-08T16:16:10.804751128-05:00
BTC-USD,99825.9084768405022,1,ask,100380.98596,0.00556046,2024-12-08T16:17:11.005461841-05:00
BTC-USD,99872.0051984013384,1,ask,100429.582632,0.00558292,2024-12-08T16:18:11.216445741-05:00
BTC-USD,99888.3326039139162,1,ask,100446.9565438278324,0.00559248,2024-12-08T16:19:11.647433551-05:00
BTC-USD,99895.7237098468224,1,ask,100452.46,0.00557317,2024-12-08T16:20:11.876256293-05:00
BTC-USD,99949.9144904241954,1,ask,100506.579716,0.00556944,2024-12-08T16:21:12.100498821-05:00
BTC-USD,99971.3382118212134,1,ask,100528.9552826624268,0.00557777,2024-12-08T16:22:12.296679519-05:00
BTC-USD,99969.72431744709,1,ask,100528.481912,0.00558927,2024-12-08T16:23:12.507746379-05:00
BTC-USD,99985.1679356032454,1,ask,100541.175516,0.0055609,2024-12-08T16:24:12.699020416-05:00
BTC-USD,99990.1705868821618,1,ask,100551.00473368,0.00560889,2024-12-08T16:25:12.905243073-05:00
BTC-USD,100013.9097566421476,1,ask,100573.8742066142952,0.00559887,2024-12-08T16:26:13.082648716-05:00
BTC-USD,100028.8818011718642,1,ask,100587.35180926,0.00558309,2024-12-08T16:27:14.316352615-05:00
BTC-USD,100017.6017009291574,1,ask,100577.1243058583148,0.00559424,2024-12-08T16:28:14.522851199-05:00
BTC-USD,100030.5562246539778,1,ask,100584.31366444,0.00553588,2024-12-08T16:29:14.668100495-05:00
BTC-USD,100069.2236932432096,1,ask,100629.06091224,0.0055945,2024-12-08T16:30:14.873983785-05:00
BTC-USD,100134.099736158373,1,ask,100695.05506319,0.00560204,2024-12-08T16:31:15.092139204-05:00
BTC-USD,100063.9698921179264,1,ask,100625.1188895858528,0.0056079,2024-12-08T16:32:15.287582132-05:00
BTC-USD,100073.8639701896292,1,ask,100635.3972737694504,0.00561119,2024-12-08T16:33:15.470430813-05:00
BTC-USD,100093.7716050433916,1,ask,100653.70811682,0.00559412,2024-12-08T16:34:15.646091876-05:00
BTC-USD,100104.119424352332,1,ask,100666.067352958422,0.00561363,2024-12-08T16:35:15.833161626-05:00
BTC-USD,100139.0706700493328,1,ask,100701.7905405114036,0.00561938,2024-12-08T16:36:16.070009285-05:00
BTC-USD,100124.9910038271296,1,ask,100686.60459207,0.00560912,2024-12-08T16:37:16.283424516-05:00
BTC-USD,100122.4637289189086,1,ask,100683.8688809282616,0.00560718,2024-12-08T16:38:16.467987951-05:00
BTC-USD,100118.1063620626522,1,ask,100679.4750181505544,0.00560706,2024-12-08T16:39:16.713359176-05:00
BTC-USD,100122.6845302328954,1,ask,100683.9463224850668,0.00560574,2024-12-08T16:40:16.91235257-05:00
BTC-USD,100115.218406265407,1,ask,100676.1289271486616,0.00560265,2024-12-08T16:41:17.147807314-05:00
BTC-USD,100090.5122613547944,1,ask,100652.3988161914404,0.00561378,2024-12-08T16:42:17.346132864-05:00
BTC-USD,100099.694302439785,1,ask,100661.7069554307876,0.00561453,2024-12-08T16:43:17.537795271-05:00
BTC-USD,100081.4020787565184,1,ask,100643.0693611782852,0.0056121,2024-12-08T16:44:17.712931404-05:00
BTC-USD,100076.3449972047452,1,ask,100637.8529846811912,0.0056108,2024-12-08T16:45:17.918596456-05:00
BTC-USD,100050.0828532227926,1,ask,100611.8521734850524,0.00561488,2024-12-08T16:46:18.112571328-05:00
BTC-USD,100091.5373639452272,1,ask,100653.8269642687908,0.00561775,2024-12-08T16:47:18.343482104-05:00
BTC-USD,100096.9235778711952,1,ask,100659.20108749659,0.00561733,2024-12-08T16:48:18.556162929-05:00
BTC-USD,100080.8356138232342,1,ask,100642.2453309939624,0.00560956,2024-12-08T16:49:18.74695391-05:00
BTC-USD,100054.083220757973,1,ask,100615.7941196771412,0.00561407,2024-12-08T16:50:19.179045654-05:00
BTC-USD,100041.2747118594022,1,ask,100604.4555821867352,0.00562949,2024-12-08T16:51:19.367701327-05:00
BTC-USD,100036.4563442820294,1,ask,100597.57285294,0.00560912,2024-12-08T16:52:19.554659043-05:00
BTC-USD,100007.2825700616484,1,ask,100567.68434894,0.00560361,2024-12-08T16:53:19.745031808-05:00
BTC-USD,100029.429670407276,1,ask,100587.53289074,0.00557939,2024-12-08T16:54:19.930371782-05:00
BTC-USD,100037.5514359481744,1,ask,100598.17645788,0.00560415,2024-12-08T16:55:20.107447153-05:00
BTC-USD,100020.3982397036,1,ask,100581.0985314072,0.00560586,2024-12-08T16:56:20.294249013-05:00
BTC-USD,100043.7724581295212,1,ask,100605.552632,0.00561534,2024-12-08T16:57:20.472486816-05:00
BTC-USD,100076.0633163455082,1,ask,100636.10297054,0.00559614,2024-12-08T16:58:20.661484475-05:00
BTC-USD,100119.093158438042,1,ask,100679.66313378,0.00559903,2024-12-08T16:59:20.878289915-05:00
BTC-USD,100098.0128941195998,1,ask,100658.3273882391996,0.00559766,2024-12-08T17:00:21.084913714-05:00
BTC-USD,100026.0124193730204,1,ask,100586.5940169960408,0.00560436,2024-12-08T17:01:21.264563125-05:00
BTC-USD,100073.1048568693068,1,ask,100635.2466937281576,0.00561731,2024-12-08T17:02:21.433415625-05:00
BTC-USD,100008.0288933236768,1,ask,100567.3630012573536,0.00559289,2024-12-08T17:03:21.669412741-05:00
BTC-USD,100065.2915396349886,1,ask,100626.700474524546,0.00561043,2024-12-08T17:04:21.85580655-05:00
BTC-USD,100015.9534409906526,1,ask,100577.5140877013052,0.00561471,2024-12-08T17:05:22.030532225-05:00
BTC-USD,99989.8842081298286,1,ask,100545.412916,0.00555585,2024-12-08T17:06:22.21244577-05:00
BTC-USD,99996.749605709586,1,ask,100557.3386593982808,0.00560607,2024-12-08T17:07:22.3884415-05:00
BTC-USD,100106.5211487589426,1,ask,100666.7124240872,0.00559595,2024-12-08T17:08:22.573196219-05:00
BTC-USD,100075.9603772588054,1,ask,100635.5247513187,0.0055914,2024-12-08T17:09:22.775247293-05:00
BTC-USD,100124.064923474605,1,ask,100677.24871353,0.00552498,2024-12-08T17:10:22.900641537-05:00
BTC-USD,100121.9231892515544,1,ask,100682.5725052983108,0.00559967,2024-12-08T17:11:23.071278925-05:00
BTC-USD,100097.8515841184322,1,ask,100659.225789023202,0.00560825,2024-12-08T17:12:23.222088947-05:00
BTC-USD,100103.9378605672468,1,ask,100664.77420913,0.00560254,2024-12-08T17:13:23.381659965-05:00
BTC-USD,100055.1228338701338,1,ask,100616.4987835592088,0.00561067,2024-12-08T17:14:23.493737431-05:00
BTC-USD,100098.437635398327,1,ask,100657.53094867,0.00558543,2024-12-08T17:15:23.666118155-05:00
BTC-USD,100105.8229945479606,1,ask,100666.6856251,0.0056027,2024-12-08T17:16:23.830106359-05:00
BTC-USD,100112.2402686560966,1,ask,100672.82227644,0.00559954,2024-12-08T17:17:23.991381783-05:00
BTC-USD,100148.5913126843232,1,ask,100711.0319237013852,0.00561606,2024-12-08T17:18:24.152197384-05:00
BTC-USD,100168.8337492521812,1,ask,100730.16476043,0.00560385,2024-12-08T17:19:24.311858124-05:00
BTC-USD,100166.2789494886694,1,ask,100727.9121727282068,0.00560701,2024-12-08T17:20:24.477964136-05:00
BTC-USD,100121.2223262721392,1,ask,100681.2514964942784,0.00559351,2024-12-08T17:21:24.643899647-05:00
BTC-USD,100101.2992044654318,1,ask,100661.7014063575992,0.00559835,2024-12-08T17:22:24.792085717-05:00
BTC-USD,100103.5999204761434,1,ask,100665.3962874720888,0.00561215,2024-12-08T17:23:24.948375867-05:00
BTC-USD,100090.7616374934562,1,ask,100651.6542445769124,0.00560384,2024-12-08T17:24:25.109142025-05:00
BTC-USD,100045.1136065697178,1,ask,100608.237892341144,0.0056287,2024-12-08T17:25:25.280557159-05:00
BTC-USD,100057.7344248873614,1,ask,100619.1539255871108,0.00561096,2024-12-08T17:26:25.440076739-05:00
BTC-USD,100093.9860972341604,1,ask,100655.7220367362944,0.00561208,2024-12-08T17:27:25.593488391-05:00
BTC-USD,100082.9825284608866,1,ask,100643.895941611806,0.00560448,2024-12-08T17:28:25.758245215-05:00
BTC-USD,100086.0006469804882,1,ask,100647.2676622184604,0.00560785,2024-12-08T17:29:25.916487743-05:00
BTC-USD,100091.6370565420068,1,ask,100652.5786664493144,0.00560428,2024-12-08T17:30:26.082618942-05:00
BTC-USD,100087.5960216692272,1,ask,100648.74360708468,0.00560656,2024-12-08T17:31:26.261267498-05:00
BTC-USD,100075.7833784822072,1,ask,100637.3976531536844,0.00561189,2024-12-08T17:32:26.409554333-05:00
BTC-USD,100076.3405731829362,1,ask,100637.3431251689004,0.00560575,2024-12-08T17:33:26.578753974-05:00
BTC-USD,100113.1509144284916,1,ask,100672.21867139,0.00558436,2024-12-08T17:34:26.747114128-05:00
BTC-USD,100120.6088708881704,1,ask,100682.5005211450824,0.00561215,2024-12-08T17:35:26.859456176-05:00
BTC-USD,100077.9486426170558,1,ask,100638.3590223841116,0.00559974,2024-12-08T17:36:27.02673307-05:00
BTC-USD,100040.0181641802578,1,ask,100599.4903703505156,0.00559248,2024-12-08T17:37:27.177692167-05:00
BTC-USD,100080.2369342550326,1,ask,100628.91,0.00548233,2024-12-08T17:38:27.33628754-05:00
BTC-USD,100127.0473474594332,1,ask,100686.55,0.00558793,2024-12-08T17:39:27.4991701-05:00
BTC-USD,100107.578683025514,1,ask,100669.2203852848044,0.00561038,2024-12-08T17:40:27.662375173-05:00
BTC-USD,100075.2322165848972,1,ask,100636.2338984454312,0.0056058,2024-12-08T17:41:27.823523713-05:00
BTC-USD,100120.7020740967182,1,ask,100682.7101063624484,0.0056133,2024-12-08T17:42:27.975986292-05:00
BTC-USD,100149.7418813129726,1,ask,100709.84338804,0.00559264,2024-12-08T17:43:28.14245385-05:00
BTC-USD,100120.7561554742708,1,ask,100683.4018465285416,0.00561967,2024-12-08T17:44:28.311098677-05:00
BTC-USD,100125.068391730731,1,ask,100687.0148273454948,0.00561244,2024-12-08T17:45:28.4817525-05:00
BTC-USD,100127.1557234125934,1,ask,100690.5056546796876,0.00562635,2024-12-08T17:46:28.643449559-05:00
BTC-USD,100116.6652677360528,1,ask,100678.22215183215,0.00560903,2024-12-08T17:47:28.81181374-05:00
BTC-USD,100125.949488657575,1,ask,100687.712498637012,0.00561056,2024-12-08T17:48:28.964237812-05:00
BTC-USD,100126.4695789513304,1,ask,100688.11360476,0.00560935,2024-12-08T17:49:29.127595393-05:00
BTC-USD,100142.478235260492,1,ask,100703.24166853759,0.00559966,2024-12-08T17:50:29.298076441-05:00
BTC-USD,100140.3568355452448,1,ask,100699.454856,0.00558314,2024-12-08T17:51:29.464813314-05:00
BTC-USD,100138.0269215161908,1,ask,100700.0791079659488,0.00561277,2024-12-08T17:52:29.620314498-05:00
BTC-USD,100141.403767565,1,ask,100700.13498,0.00557942,2024-12-08T17:53:29.769916577-05:00
BTC-USD,100166.153343883737,1,ask,100727.465264,0.00560381,2024-12-08T17:54:29.92689631-05:00
BTC-USD,100194.516767125357,1,ask,100757.7594447886728,0.00562149,2024-12-08T17:55:30.083821815-05:00
BTC-USD,100255.650581090651,1,ask,100819.6366713397344,0.00562548,2024-12-08T17:56:30.227315559-05:00
BTC-USD,100296.0692984971774,1,ask,100857.9229689943548,0.00560195,2024-12-08T17:57:30.375665511-05:00
BTC-USD,100323.5426791849128,1,ask,100885.3184120198256,0.00559964,2024-12-08T17:58:31.514930996-05:00
BTC-USD,100315.9069036293656,1,ask,100879.5247986448188,0.00561843,2024-12-08T17:59:31.678437944-05:00
BTC-USD,100329.6433145667264,1,ask,100883.756296,0.00552292,2024-12-08T18:00:31.835546845-05:00
BTC-USD,100219.9459730241682,1,ask,100783.0916,0.0056191,2024-12-08T18:01:32.00082856-05:00
BTC-USD,100217.1409024740512,1,ask,100766.19,0.00547859,2024-12-08T18:02:32.16844981-05:00
BTC-USD,100205.56669317,1,ask,100759.15,0.00552448,2024-12-08T18:03:32.32213785-05:00
BTC-USD,100308.2059220557524,1,ask,100871.9241673211712,0.00561986,2024-12-08T18:04:32.480300566-05:00
BTC-USD,100251.7547721821216,1,ask,100805.4,0.00552255,2024-12-08T18:05:32.640493445-05:00
BTC-USD,100218.53644089,1,ask,100767.19,0.00547457,2024-12-08T18:06:32.780585242-05:00
BTC-USD,100236.2718380824842,1,ask,100797.129748,0.00559536,2024-12-08T18:07:32.947940635-05:00
BTC-USD,100304.3525914154182,1,ask,100863.0477788108364,0.00557,2024-12-08T18:08:33.11164304-05:00
BTC-USD,100361.6544472183684,1,ask,100921.5733419094068,0.00557901,2024-12-08T18:09:33.255816985-05:00
BTC-USD,100354.7278181462026,1,ask,100919.0246734064052,0.00562302,2024-12-08T18:10:33.404513833-05:00
BTC-USD,100316.606859928703,1,ask,100879.799869457406,0.00561416,2024-12-08T18:11:33.567912291-05:00
BTC-USD,100318.9282771112312,1,ask,100883.7436485088224,0.0056302,2024-12-08T18:12:33.721071672-05:00
BTC-USD,100429.3213415433912,1,ask,100988.2228510867824,0.00556512,2024-12-08T18:13:33.871300458-05:00
BTC-USD,100542.6975138208416,1,ask,101105.50671747,0.00559771,2024-12-08T18:14:34.026901408-05:00
BTC-USD,100515.68323896423,1,ask,101061.1,0.00542619,2024-12-08T18:15:34.177965435-05:00
BTC-USD,100411.799808755,1,ask,100960.8,0.00546749,2024-12-08T18:16:34.343270805-05:00
BTC-USD,100451.207966,1,ask,101012.3416,0.00558613,2024-12-08T18:17:34.506264931-05:00
BTC-USD,100453.6102639604472,1,ask,101017.4896436566644,0.00561333,2024-12-08T18:18:34.673240529-05:00
BTC-USD,100498.277354682652,1,ask,101062.241032,0.00561168,2024-12-08T18:19:34.83475867-05:00
BTC-USD,100602.732768453243,1,ask,101167.692127380396,0.00561575,2024-12-08T18:20:34.985009893-05:00
BTC-USD,100798.7773579083118,1,ask,101366.7323840452512,0.00563454,2024-12-08T18:21:35.161859194-05:00
BTC-USD,100686.0150237569498,1,ask,101249.5635315138996,0.00559709,2024-12-08T18:22:35.323980475-05:00
BTC-USD,100747.8931825177662,1,ask,101308.1165330355324,0.00556065,2024-12-08T18:23:35.487517494-05:00
BTC-USD,100702.309110634572,1,ask,101262.698389269144,0.00556481,2024-12-08T18:24:35.644458039-05:00
BTC-USD,100710.844966889955,1,ask,101273.24979377991,0.00558435,2024-12-08T18:25:35.789744916-05:00
BTC-USD,100670.404387293674,1,ask,101233.945935112158,0.00559789,2024-12-08T18:26:35.941457437-05:00
BTC-USD,100579.00815367,1,ask,101142.23415534,0.00559984,2024-12-08T18:27:36.097198877-05:00
BTC-USD,100560.68879346334,1,ask,101126.5782685807068,0.00562734,2024-12-08T18:28:36.250842405-05:00
BTC-USD,100528.8007664808404,1,ask,101093.7176574004512,0.00561945,2024-12-08T18:29:36.398717941-05:00
BTC-USD,100472.0642798289606,1,ask,101037.7840157190288,0.00563062,2024-12-08T18:30:36.557195254-05:00
BTC-USD,100475.7809640322592,1,ask,101036.8952317479384,0.00558457,2024-12-08T18:31:36.935991969-05:00
BTC-USD,100461.3265528361168,1,ask,101025.963011812356,0.00562044,2024-12-08T18:32:37.090889175-05:00
BTC-USD,100448.5135310381382,1,ask,101013.025790331144,0.00561992,2024-12-08T18:33:37.246467454-05:00
BTC-USD,100550.9579058381086,1,ask,101116.4066950192344,0.0056235,2024-12-08T18:34:37.405486523-05:00
BTC-USD,100609.4496056191738,1,ask,101175.0589781086428,0.00562183,2024-12-08T18:35:37.562363469-05:00
BTC-USD,100566.6339156444082,1,ask,101131.4539275920964,0.00561638,2024-12-08T18:36:37.715523909-05:00
BTC-USD,100551.012424887737,1,ask,101113.7801151891168,0.00559684,2024-12-08T18:37:37.884212404-05:00
BTC-USD,100540.2560392645184,1,ask,101100.07426654,0.0055681,2024-12-08T18:38:38.051406136-05:00
BTC-USD,100513.1976285476256,1,ask,101077.0860255805404,0.00561009,2024-12-08T18:39:38.200183299-05:00
BTC-USD,100559.9676439171924,1,ask,101124.8371782765144,0.00561724,2024-12-08T18:40:38.354276418-05:00
BTC-USD,100646.8401185804162,1,ask,101212.04313008,0.00561571,2024-12-08T18:41:38.515531241-05:00
BTC-USD,100622.5027606975596,1,ask,101187.7677560521296,0.00561768,2024-12-08T18:42:38.925938536-05:00
BTC-USD,100616.0999087398544,1,ask,101179.95142227,0.00560399,2024-12-08T18:43:39.087366308-05:00
BTC-USD,100613.75123808189,1,ask,101178.5991391581588,0.00561402,2024-12-08T18:44:39.24849485-05:00
BTC-USD,100679.8881671094648,1,ask,101245.31,0.00561604,2024-12-08T18:45:39.408477228-05:00
BTC-USD,100701.3447281913444,1,ask,101261.3310563826888,0.00556086,2024-12-08T18:46:39.564433316-05:00
BTC-USD,100705.424237078448,1,ask,101270.481958156896,0.005611,2024-12-08T18:47:39.72645006-05:00
BTC-USD,100699.6687212094318,1,ask,101265.563221587072,0.00561963,2024-12-08T18:48:39.884474105-05:00
BTC-USD,100885.79625821589,1,ask,101452.2783104,0.00561508,2024-12-08T18:49:40.047342273-05:00
BTC-USD,101086.59583872803,1,ask,101656.236692,0.00563518,2024-12-08T18:50:40.207550167-05:00
BTC-USD,101212.9290811579974,1,ask,101781.80544678,0.00562059,2024-12-08T18:51:40.378464495-05:00
BTC-USD,101148.887177380089,1,ask,101716.9837020864576,0.00561644,2024-12-08T18:52:40.541525184-05:00
BTC-USD,101272.999647586121,1,ask,101842.063558402734,0.00561911,2024-12-08T18:53:40.703072697-05:00
BTC-USD,101325.4388720698222,1,ask,101894.5314747693144,0.00561648,2024-12-08T18:54:40.852056082-05:00
BTC-USD,101314.271985487745,1,ask,101878.16055508,0.00556574,2024-12-08T18:55:41.003770171-05:00
BTC-USD,101392.44047070736,1,ask,101958.83863252,0.0055862,2024-12-08T18:56:41.169231308-05:00
BTC-USD,101354.2757785133508,1,ask,101915.8842483711216,0.00554104,2024-12-08T18:57:41.331322723-05:00
BTC-USD,101228.5961443221444,1,ask,101794.96759084,0.00559497,2024-12-08T18:58:41.486524638-05:00
BTC-USD,101203.6342276925112,1,ask,101772.53466611,0.00562134,2024-12-08T18:59:41.657600117-05:00
BTC-USD,101265.7125049402146,1,ask,101824.88391036,0.00552182,2024-12-08T19:00:41.835355054-05:00
BTC-USD,101148.065239274132,1,ask,101714.23376257,0.00559742,2024-12-08T19:01:42.009152877-05:00
BTC-USD,101070.4953119209425,1,ask,101629.53612324,0.0055312,2024-12-08T19:02:42.18043413-05:00
BTC-USD,100942.287935994236,1,ask,101500.47787592,0.00552979,2024-12-08T19:03:42.349380576-05:00
BTC-USD,101103.8006825017376,1,ask,101672.2397992027356,0.00562233,2024-12-08T19:04:42.513100876-05:00
BTC-USD,100968.8029914694202,1,ask,101529.34748828,0.00555166,2024-12-08T19:05:42.687733938-05:00
BTC-USD,100885.483926884148,1,ask,101451.59066219,0.00561138,2024-12-08T19:06:42.846718348-05:00
BTC-USD,100919.0610626456198,1,ask,101480.66145322,0.00556486,2024-12-08T19:07:42.993159951-05:00
BTC-USD,100884.319126776629,1,ask,101449.07588797,0.00559806,2024-12-08T19:08:43.149234072-05:00
BTC-USD,100845.6003811911008,1,ask,101407.12945618,0.00556821,2024-12-08T19:09:43.304589359-05:00
BTC-USD,100873.1851859796802,1,ask,101428.6216,0.00550628,2024-12-08T19:10:43.469696968-05:00
BTC-USD,100952.8438606044428,1,ask,101517.77952491,0.00559604,2024-12-08T19:11:43.652964324-05:00
BTC-USD,100871.7838440298012,1,ask,101439.406260869166,0.00562717,2024-12-08T19:12:43.826107938-05:00
BTC-USD,100863.3703918630214,1,ask,101423.72696467,0.0055556,2024-12-08T19:13:44.000624497-05:00
BTC-USD,100821.1679784524294,1,ask,101387.31303779,0.00561534,2024-12-08T19:14:44.161121694-05:00
BTC-USD,100810.9517526106966,1,ask,101376.9299211313932,0.00561425,2024-12-08T19:15:44.335780571-05:00
BTC-USD,100627.4057534526694,1,ask,101190.942916,0.00560024,2024-12-08T19:16:44.492945355-05:00
BTC-USD,100600.1350646302286,1,ask,101153.61498,0.00550178,2024-12-08T19:17:44.657319918-05:00
BTC-USD,100560.2966648143322,1,ask,101125.4515488278964,0.00562006,2024-12-08T19:18:44.818471368-05:00
BTC-USD,100593.9958311711054,1,ask,101156.5971201222108,0.00559279,2024-12-08T19:19:44.994836508-05:00
BTC-USD,100552.2214345883012,1,ask,101117.12582035,0.00561802,2024-12-08T19:20:45.149246281-05:00
BTC-USD,100602.4505475961198,1,ask,101165.91240512,0.00560088,2024-12-08T19:21:45.309263468-05:00
BTC-USD,100503.96893980139,1,ask,101065.72387827,0.00558938,2024-12-08T19:22:46.469035076-05:00
BTC-USD,100458.4274384641086,1,ask,101018.34557702,0.00557363,2024-12-08T19:23:46.638375413-05:00
BTC-USD,100397.889883208296,1,ask,100959.90228692,0.00559785,2024-12-08T19:24:46.797389926-05:00
BTC-USD,100358.4229136247278,1,ask,100915.64231348,0.00555229,2024-12-08T19:25:46.95864229-05:00
BTC-USD,100119.1651084022872,1,ask,100667.78,0.00547962,2024-12-08T19:26:47.100814045-05:00
BTC-USD,100218.965354972957,1,ask,100765.93,0.0054577,2024-12-08T19:27:47.270501112-05:00
BTC-USD,100049.9473785816018,1,ask,100604.73,0.00554506,2024-12-08T19:28:47.432816417-05:00
BTC-USD,100109.5334543338778,1,ask,100668.39009123,0.00558245,2024-12-08T19:29:47.608795218-05:00
BTC-USD,100070.0831778023242,1,ask,100630.36677594,0.00559891,2024-12-08T19:30:47.768494859-05:00
BTC-USD,100180.35635298363,1,ask,100743.2466630541056,0.00561877,2024-12-08T19:31:47.934694973-05:00
BTC-USD,100174.3253912474042,1,ask,100735.6451664948084,0.00560343,2024-12-08T19:32:48.135278572-05:00
BTC-USD,100165.13049945,1,ask,100722.7091189,0.00556659,2024-12-08T19:33:48.301618339-05:00
BTC-USD,99618.924658,1,ask,100162.15,0.00545303,2024-12-08T19:34:48.451168012-05:00
BTC-USD,99618.748673195,1,ask,100168.40388239,0.00551759,2024-12-08T19:35:48.621896649-05:00
BTC-USD,99692.467382,1,ask,100244.45,0.00553685,2024-12-08T19:36:48.778319237-05:00
BTC-USD,99764.057421475,1,ask,100314.11703095,0.00551361,2024-12-08T19:37:48.942571099-05:00
BTC-USD,99729.883666,1,ask,100280.1,0.00551707,2024-12-08T19:38:49.12043093-05:00
BTC-USD,99599.567769239081084,1,ask,100142.215706478162168,0.0054483,2024-12-08T19:39:49.274193765-05:00
BTC-USD,99560.733692,1,ask,100104.8,0.00546467,2024-12-08T19:40:49.434248599-05:00
BTC-USD,99693.8762395101855,1,ask,100245.606467020371,0.00553424,2024-12-08T19:41:49.596558029-05:00
BTC-USD,99575.132200311814846,1,ask,100130.455152623629692,0.00557692,2024-12-08T19:42:49.756566237-05:00
BTC-USD,99540.922822630801268,1,ask,100089.254453261602536,0.00550861,2024-12-08T19:43:49.915376687-05:00
BTC-USD,99623.084129767477118,1,ask,100179.432967534954236,0.00558454,2024-12-08T19:44:50.072827753-05:00
BTC-USD,99839.450945753281038,1,ask,100396.7842726,0.0055823,2024-12-08T19:45:50.229282236-05:00
BTC-USD,99771.91033980821546,1,ask,100326.52067961643092,0.00555878,2024-12-08T19:46:50.3816413-05:00
BTC-USD,99775.199681339116872,1,ask,100328.894182678233744,0.00554942,2024-12-08T19:47:50.537669505-05:00
BTC-USD,99936.00441782994884,1,ask,100489.56773965989768,0.00553918,2024-12-08T19:48:50.708347611-05:00
BTC-USD,99889.177991415,1,ask,100444.12759483,0.00555565,2024-12-08T19:49:50.861684857-05:00
BTC-USD,99841.906692224511924,1,ask,100397.69955667,0.00556673,2024-12-08T19:50:51.013249539-05:00
BTC-USD,99861.750257915,1,ask,100417.72516783,0.00556745,2024-12-08T19:51:51.174805558-05:00
BTC-USD,99818.962239625,1,ask,100374.75710725,0.00556803,2024-12-08T19:52:51.332052919-05:00
BTC-USD,99695.326791790711036,1,ask,100249.181123581422072,0.00555547,2024-12-08T19:53:51.500024458-05:00
BTC-USD,99676.659253395,1,ask,100225.60607079,0.00550728,2024-12-08T19:54:51.677295463-05:00
BTC-USD,99551.537198145,1,ask,100102.87760829,0.00553824,2024-12-08T19:55:51.839974225-05:00
BTC-USD,99647.017871341882348,1,ask,100198.893878683764696,0.00553831,2024-12-08T19:56:51.982088585-05:00
BTC-USD,99635.222172105,1,ask,100187.00322821,0.00553801,2024-12-08T19:57:52.122020231-05:00
BTC-USD,99737.219360716645114,1,ask,100291.075689433290228,0.00555316,2024-12-08T19:58:52.272563341-05:00
BTC-USD,99729.56318934747121,1,ask,100289.12274092,0.00561077,2024-12-08T19:59:52.441020269-05:00
BTC-USD,99773.41111137,1,ask,100327.42385074,0.00555271,2024-12-08T20:00:52.595010511-05:00
BTC-USD,99821.2945,1,ask,100379.596712,0.00559302,2024-12-08T20:01:52.756529279-05:00
BTC-USD,99743.34516249,1,ask,100301.34328898,0.00559434,2024-12-08T20:02:52.92564187-05:00
BTC-USD,99755.146838,1,ask,100314.221236,0.00560447,2024-12-08T20:03:53.076640143-05:00
BTC-USD,99869.834128410563048,1,ask,100425.1316,0.00556021,2024-12-08T20:04:53.241885069-05:00
BTC-USD,99874.517763285,1,ask,100432.78209457,0.00558966,2024-12-08T20:05:53.422705577-05:00
BTC-USD,99880.684051451498526,1,ask,100438.89,0.00558873,2024-12-08T20:06:53.572965773-05:00
BTC-USD,99881.063330135,1,ask,100436.31247627,0.0055591,2024-12-08T20:07:53.739582375-05:00
BTC-USD,99865.67962322,1,ask,100419.31434244,0.00554379,2024-12-08T20:08:53.922833834-05:00
BTC-USD,99854.643632831289942,1,ask,100411.951193662579884,0.00558119,2024-12-08T20:09:54.079691224-05:00
BTC-USD,99764.969618525,1,ask,100320.65477305,0.00556994,2024-12-08T20:10:54.236051266-05:00
BTC-USD,99710.461095360263988,1,ask,100268.984524258806732,0.00560145,2024-12-08T20:11:54.400520212-05:00
BTC-USD,99677.02131097,1,ask,100230.28306994,0.00555054,2024-12-08T20:12:54.558852576-05:00
BTC-USD,99686.928116155,1,ask,100240.90438431,0.00555716,2024-12-08T20:13:54.705332483-05:00
BTC-USD,99656.18936709,1,ask,100208.74875818,0.00554466,2024-12-08T20:14:54.868505679-05:00
BTC-USD,99660.90005729,1,ask,100213.33523458,0.00554315,2024-12-08T20:15:55.016558127-05:00
BTC-USD,99688.663182058418946,1,ask,100240.40148116,0.00553461,2024-12-08T20:16:55.191613602-05:00
BTC-USD,99604.36188704,1,ask,100159.78611408,0.0055763,2024-12-08T20:17:55.345889207-05:00
BTC-USD,99598.670769917815378,1,ask,100152.605368,0.00556167,2024-12-08T20:18:55.511676952-05:00
BTC-USD,99549.599224168038708,1,ask,100103.75265949,0.00556661,2024-12-08T20:19:55.673206851-05:00
BTC-USD,99635.64278994,1,ask,100191.50923988,0.00557899,2024-12-08T20:20:55.842155118-05:00
BTC-USD,99614.645362025,1,ask,100167.01786005,0.00554509,2024-12-08T20:21:55.995033254-05:00
BTC-USD,99662.156564125,1,ask,100213.92866025,0.00553643,2024-12-08T20:22:56.155016298-05:00
BTC-USD,99633.900737965,1,ask,100189.88989193,0.00558032,2024-12-08T20:23:56.327790443-05:00
BTC-USD,99634.93967761,1,ask,100186.84229922,0.00553925,2024-12-08T20:24:56.471516603-05:00
BTC-USD,99770.44638961,1,ask,100320.06134722,0.0055088,2024-12-08T20:25:56.567084411-05:00
BTC-USD,99631.379527425,1,ask,100184.49877085,0.00555166,2024-12-08T20:26:56.741746727-05:00
BTC-USD,99738.239628535,1,ask,100288.51925707,0.00551724,2024-12-08T20:27:56.902509027-05:00
BTC-USD,99803.72162322,1,ask,100356.62241444,0.00553988,2024-12-08T20:28:57.043964168-05:00
BTC-USD,99853.961025958383712,1,ask,100410.572051916767424,0.00557425,2024-12-08T20:29:57.205324503-05:00
BTC-USD,99815.713363923632594,1,ask,100372.31299719,0.00557627,2024-12-08T20:30:57.370737787-05:00
BTC-USD,99904.46979956,1,ask,100458.38993512,0.0055445,2024-12-08T20:31:57.525098294-05:00
BTC-USD,99852.44678911,1,ask,100402.45702222,0.00550823,2024-12-08T20:32:57.697125513-05:00
BTC-USD,99845.892962165,1,ask,100399.15797633,0.00554119,2024-12-08T20:33:57.867059094-05:00
BTC-USD,99864.95520313659065,1,ask,100421.29,0.00557087,2024-12-08T20:34:58.033023305-05:00
BTC-USD,99876.092645986721118,1,ask,100429.143161973442236,0.00553737,2024-12-08T20:35:58.194110141-05:00
BTC-USD,99794.7399155,1,ask,100351.238716,0.00557643,2024-12-08T20:36:58.343140781-05:00
BTC-USD,99715.624076957708276,1,ask,100271.997116,0.0055796,2024-12-08T20:37:58.510234371-05:00
BTC-USD,99776.823915,1,ask,100333.91436,0.00558337,2024-12-08T20:38:58.671264334-05:00
BTC-USD,99698.89798894152079,1,ask,100252.64309388304158,0.00555417,2024-12-08T20:39:58.832074622-05:00
BTC-USD,99731.438177901847306,1,ask,100286.274039803694612,0.0055633,2024-12-08T20:40:58.987260035-05:00
BTC-USD,99703.729937953733996,1,ask,100259.099875907467992,0.0055702,2024-12-08T20:41:59.147474597-05:00
BTC-USD,99645.438262330008852,1,ask,100199.622344660017704,0.00556156,2024-12-08T20:42:59.28513851-05:00
BTC-USD,99607.40998443729785,1,ask,100165.0466528745957,0.00559835,2024-12-08T20:43:59.438036587-05:00
BTC-USD,99688.254666518369358,1,ask,100244.301808036738716,0.00557786,2024-12-08T20:44:59.581822357-05:00
BTC-USD,99685.873728045911772,1,ask,100240.852671091823544,0.00556728,2024-12-08T20:45:59.764599231-05:00
BTC-USD,99616.842465417257912,1,ask,100171.973498834515824,0.00557266,2024-12-08T20:46:59.920227035-05:00
BTC-USD,99561.131357749455492,1,ask,100114.556645498910984,0.00555865,2024-12-08T20:48:00.06501358-05:00
BTC-USD,99542.223168855,1,ask,100091.61118971,0.00551915,2024-12-08T20:49:00.215765906-05:00
BTC-USD,99548.32871676146669,1,ask,100101.14527701,0.00555325,2024-12-08T20:50:00.36988397-05:00
BTC-USD,99560.872057889619518,1,ask,100117.582091779239036,0.00559165,2024-12-08T20:51:00.524706595-05:00
BTC-USD,99597.635889885,1,ask,100151.56967977,0.00556172,2024-12-08T20:52:00.686042962-05:00
BTC-USD,99558.1867105802966,1,ask,100113.766112,0.00558045,2024-12-08T20:53:00.828048595-05:00
BTC-USD,99562.320644,1,ask,100118.848864,0.00558975,2024-12-08T20:54:00.979374195-05:00
BTC-USD,99655.993503175,1,ask,100207.47238635,0.00553383,2024-12-08T20:55:01.186714796-05:00
BTC-USD,99625.235024814961552,1,ask,100181.823993629923104,0.00558683,2024-12-08T20:56:01.343701468-05:00
BTC-USD,99611.00128663510629,1,ask,100167.55330527021258,0.00558725,2024-12-08T20:57:01.500098558-05:00
BTC-USD,99610.492916370424548,1,ask,100166.400916740849096,0.00558082,2024-12-08T20:58:01.673996347-05:00
BTC-USD,99631.14371273,1,ask,100185.92801746,0.00556838,2024-12-08T20:59:01.84413085-05:00
BTC-USD,99598.887610963766562,1,ask,100139.945661927533124,0.00543237,2024-12-08T21:00:02.04501781-05:00
BTC-USD,99546.114963895,1,ask,100097.90992779,0.00554311,2024-12-08T21:01:02.201490055-05:00
BTC-USD,99604.78605015,1,ask,100157.9163163,0.00555325,2024-12-08T21:02:02.365340898-05:00
BTC-USD,99540.22481297,1,ask,100091.86503394,0.00554188,2024-12-08T21:03:02.540300511-05:00
BTC-USD,99600.757363296933144,1,ask,100157.852222593866288,0.00559328,2024-12-08T21:04:02.704463413-05:00
BTC-USD,99516.290378,1,ask,100072.046852,0.00558458,2024-12-08T21:05:02.956214601-05:00
BTC-USD,99515.52924166,1,ask,100070.40113532,0.00557573,2024-12-08T21:06:03.112725628-05:00
BTC-USD,99637.375604,1,ask,100192.993548,0.0055764,2024-12-08T21:07:03.270970187-05:00
BTC-USD,99685.524824,1,ask,100242.20116,0.00558432,2024-12-08T21:08:03.430506934-05:00
BTC-USD,99736.574146,1,ask,100293.44208,0.00558339,2024-12-08T21:09:03.590915404-05:00
BTC-USD,99686.563664,1,ask,100240.1216,0.00555298,2024-12-08T21:10:03.752131616-05:00
BTC-USD,99755.830020355949334,1,ask,100311.807636711898668,0.00557338,2024-12-08T21:11:03.907549289-05:00
BTC-USD,99755.52983771521281,1,ask,100310.98307543042562,0.00556814,2024-12-08T21:12:04.149375336-05:00
BTC-USD,99736.525182,1,ask,100294.970092,0.0055992,2024-12-08T21:13:04.331564708-05:00
BTC-USD,99738.25646637,1,ask,100293.02627274,0.00556226,2024-12-08T21:14:04.484171992-05:00
BTC-USD,99759.726242,1,ask,100316.324536,0.00557939,2024-12-08T21:15:04.637205415-05:00
BTC-USD,99726.256104,1,ask,100282.865704,0.00558137,2024-12-08T21:16:04.791483517-05:00
BTC-USD,99643.176181005,1,ask,100198.35978201,0.00557172,2024-12-08T21:17:04.942151671-05:00
BTC-USD,99634.221128,1,ask,100190.792548,0.00558615,2024-12-08T21:18:05.090625339-05:00
BTC-USD,99609.818028,1,ask,100166.862496,0.00559226,2024-12-08T21:19:05.236327096-05:00
BTC-USD,99455.425596581043474,1,ask,100012.597309162086948,0.00560223,2024-12-08T21:20:05.40496304-05:00
BTC-USD,99543.10250563,1,ask,100094.44995526,0.00553878,2024-12-08T21:21:05.587901705-05:00
BTC-USD,99568.46466515,1,ask,100120.1281823,0.00554054,2024-12-08T21:22:05.987859791-05:00
BTC-USD,99546.420786709884126,1,ask,100099.921573419768252,0.00556023,2024-12-08T21:23:06.170630074-05:00
BTC-USD,99551.366010535,1,ask,100108.20938107,0.00559353,2024-12-08T21:24:06.329752709-05:00
BTC-USD,99482.892542003599034,1,ask,100036.590452,0.00556576,2024-12-08T21:25:06.482073752-05:00
BTC-USD,99458.49841517906809,1,ask,100015.31308635813618,0.00559846,2024-12-08T21:26:06.64456499-05:00
BTC-USD,99377.979048596918816,1,ask,99936.385509193837632,0.00561902,2024-12-08T21:27:06.808313878-05:00
BTC-USD,99333.92953761,1,ask,99884.05551522,0.00553815,2024-12-08T21:28:06.967478662-05:00
BTC-USD,99323.115106125,1,ask,99875.40558825,0.00556054,2024-12-08T21:29:07.120051693-05:00
BTC-USD,99384.452666878992742,1,ask,99941.130573757985484,0.00560126,2024-12-08T21:30:07.281244203-05:00
BTC-USD,99385.183790901213488,1,ask,99937.342009802426976,0.00555574,2024-12-08T21:31:07.431649087-05:00
BTC-USD,99419.170154795,1,ask,99969.33776959,0.00553382,2024-12-08T21:32:07.598011236-05:00
BTC-USD,99344.219564935,1,ask,99893.34915787,0.00552754,2024-12-08T21:33:07.766698317-05:00
BTC-USD,99487.56565694,1,ask,100038.28575388,0.00553557,2024-12-08T21:34:07.91071244-05:00
BTC-USD,99423.48646468,1,ask,99976.02637736,0.00555744,2024-12-08T21:35:08.081808798-05:00
BTC-USD,99444.433774435,1,ask,99998.12392887,0.00556783,2024-12-08T21:36:08.238685798-05:00
BTC-USD,99480.618232907801648,1,ask,100025.31085884,0.00547536,2024-12-08T21:37:08.419512126-05:00
BTC-USD,99375.864014825,1,ask,99926.76201765,0.00554358,2024-12-08T21:38:08.566092067-05:00
BTC-USD,99362.880352399146548,1,ask,99912.56004322,0.00553204,2024-12-08T21:39:08.726953397-05:00
BTC-USD,99339.379010997777084,1,ask,99887.62612466,0.00551893,2024-12-08T21:40:08.895808893-05:00
BTC-USD,99276.80166931,1,ask,99821.33349062,0.00548499,2024-12-08T21:41:09.039917813-05:00
BTC-USD,99303.246336775,1,ask,99854.51500955,0.00555137,2024-12-08T21:42:09.182735846-05:00
BTC-USD,99379.222446125,1,ask,99929.39722825,0.00553611,2024-12-08T21:43:09.332319994-05:00
BTC-USD,99344.155627085,1,ask,99893.03735817,0.00552505,2024-12-08T21:44:09.512251934-05:00
BTC-USD,99217.92015983997313,1,ask,99768.14650838,0.00554563,2024-12-08T21:45:09.669435844-05:00
BTC-USD,99218.506851087872822,1,ask,99767.59331552,0.00553411,2024-12-08T21:46:09.839279445-05:00
BTC-USD,99202.308084315,1,ask,99750.71590463,0.00552818,2024-12-08T21:47:09.981742177-05:00
BTC-USD,99232.166782285,1,ask,99778.98908857,0.00551053,2024-12-08T21:48:10.133414013-05:00
BTC-USD,99121.32853619,1,ask,99661.91337638,0.00545377,2024-12-08T21:49:10.284971096-05:00
BTC-USD,99119.02794893,1,ask,99662.21511786,0.00548015,2024-12-08T21:50:10.439456761-05:00
BTC-USD,99109.435794135,1,ask,99657.41742827,0.00552906,2024-12-08T21:51:10.599882831-05:00
BTC-USD,99105.283145969204154,1,ask,99652.88124802,0.00552542,2024-12-08T21:52:10.751906404-05:00
BTC-USD,99141.247667699998056,1,ask,99694.948508,0.00558497,2024-12-08T21:53:10.905656041-05:00
BTC-USD,99214.74520745,1,ask,99767.4726189,0.00557102,2024-12-08T21:54:11.071636069-05:00
BTC-USD,99275.35415494226956,1,ask,99829.02528588453912,0.00557713,2024-12-08T21:55:11.232969036-05:00
BTC-USD,99298.004390025,1,ask,99845.65386405,0.00551521,2024-12-08T21:56:11.392374498-05:00
BTC-USD,99239.480870144949404,1,ask,99791.671332289898808,0.00556422,2024-12-08T21:57:11.559279977-05:00
BTC-USD,99282.233713965,1,ask,99828.74627593,0.00550464,2024-12-08T21:58:11.775474824-05:00
BTC-USD,99259.715305745,1,ask,99810.89323149,0.00555289,2024-12-08T21:59:11.93559264-05:00
BTC-USD,99207.707409453733998,1,ask,99756.113772,0.00552786,2024-12-08T22:00:12.086042173-05:00
BTC-USD,99378.534237132028694,1,ask,99931.634894264057388,0.00556559,2024-12-08T22:01:12.23726816-05:00
BTC-USD,99332.665755631684186,1,ask,99885.339779263368372,0.00556387,2024-12-08T22:02:12.390253111-05:00
BTC-USD,99359.43945775,1,ask,99909.7035555,0.00553812,2024-12-08T22:03:12.540016277-05:00
BTC-USD,99406.300352525,1,ask,99958.57564905,0.00555574,2024-12-08T22:04:12.695910134-05:00
BTC-USD,99386.05111261052,1,ask,99941.85915954,0.00559242,2024-12-08T22:05:12.842163666-05:00
BTC-USD,99351.65540952629453,1,ask,99905.02655981,0.00556982,2024-12-08T22:06:12.981786359-05:00
BTC-USD,99337.298348345,1,ask,99886.52979669,0.00552895,2024-12-08T22:07:13.123812162-05:00
BTC-USD,99352.27231,1,ask,99903.279716,0.005546,2024-12-08T22:08:13.285299124-05:00
BTC-USD,99317.987632387407384,1,ask,99866.604152774814768,0.00552384,2024-12-08T22:09:13.428754616-05:00
BTC-USD,99303.801061985894744,1,ask,99856.467947971789488,0.00556542,2024-12-08T22:10:13.603503135-05:00
BTC-USD,99331.65095079,1,ask,99878.23190158,0.00550259,2024-12-08T22:11:13.777632545-05:00
BTC-USD,99303.763801521257246,1,ask,99857.648183042514492,0.00557768,2024-12-08T22:12:13.94111828-05:00
BTC-USD,99328.128152185,1,ask,99879.85124837,0.00555455,2024-12-08T22:13:14.098702536-05:00
BTC-USD,99375.593514979159944,1,ask,99929.598637958319888,0.00557486,2024-12-08T22:14:14.46245867-05:00
BTC-USD,99273.434562175,1,ask,99822.79190835,0.00553378,2024-12-08T22:15:14.615562455-05:00
BTC-USD,99337.94584789,1,ask,99887.46519578,0.00553182,2024-12-08T22:16:14.783216203-05:00
BTC-USD,99227.081029965,1,ask,99780.78947993,0.00558022,2024-12-08T22:17:14.917321593-05:00
BTC-USD,99242.680834315,1,ask,99794.72994063,0.00556262,2024-12-08T22:18:15.077585819-05:00
BTC-USD,99229.384726520476782,1,ask,99781.21191812,0.00556113,2024-12-08T22:19:15.225981512-05:00
BTC-USD,99198.821700578322234,1,ask,99753.37123026,0.00559028,2024-12-08T22:20:15.367351342-05:00
BTC-USD,99176.677254014141178,1,ask,99729.749592028282356,0.00557664,2024-12-08T22:21:15.509300509-05:00
BTC-USD,99165.900273254361092,1,ask,99719.765486508722184,0.00558524,2024-12-08T22:22:15.65480869-05:00
BTC-USD,99133.06530303556142,1,ask,99682.87435205,0.00554617,2024-12-08T22:23:15.814949104-05:00
BTC-USD,99130.473387445,1,ask,99677.80509489,0.00552133,2024-12-08T22:24:15.960036892-05:00
BTC-USD,99086.217193015,1,ask,99635.67192603,0.00554522,2024-12-08T22:25:16.103292925-05:00
BTC-USD,99151.389652865,1,ask,99704.42875373,0.00557772,2024-12-08T22:26:16.254921874-05:00
BTC-USD,99146.348286850705712,1,ask,99699.679065701411424,0.00558095,2024-12-08T22:27:16.423147856-05:00
BTC-USD,99218.87154580801407,1,ask,99770.71309161602814,0.00556186,2024-12-08T22:28:16.572208547-05:00
BTC-USD,99309.0702,1,ask,99861.18,0.00555951,2024-12-08T22:29:16.715285463-05:00
BTC-USD,99197.752064,1,ask,99748.62,0.00555323,2024-12-08T22:30:16.869131603-05:00
BTC-USD,99211.027806,1,ask,99762.8,0.0055616,2024-12-08T22:31:17.015227339-05:00
BTC-USD,99180.55178264,1,ask,99733.61721728,0.00557635,2024-12-08T22:32:17.180725185-05:00
BTC-USD,99195.30443224,1,ask,99744.04741648,0.00553195,2024-12-08T22:33:17.350637224-05:00
BTC-USD,99115.40168015,1,ask,99665.9567123,0.00555469,2024-12-08T22:34:17.498421559-05:00
BTC-USD,99147.99372278,1,ask,99694.81325756,0.00551519,2024-12-08T22:35:17.6675522-05:00
BTC-USD,99089.99772946,1,ask,99637.09011092,0.00552117,2024-12-08T22:36:17.835370433-05:00
BTC-USD,99082.58629769,1,ask,99628.53071138,0.00550999,2024-12-08T22:37:17.994752409-05:00
BTC-USD,99074.125959995,1,ask,99620.38369199,0.00551363,2024-12-08T22:38:18.138288218-05:00
BTC-USD,99068.308823685,1,ask,99615.27420337,0.00552109,2024-12-08T22:39:18.283692967-05:00
BTC-USD,99080.920369005,1,ask,99627.83670601,0.0055199,2024-12-08T22:40:18.426406832-05:00
BTC-USD,99067.686154,1,ask,99616.778116,0.00554259,2024-12-08T22:41:18.575968753-05:00
BTC-USD,99075.210492,1,ask,99625.31,0.00555234,2024-12-08T22:42:18.73439901-05:00
BTC-USD,99080.360136,1,ask,99628.48,0.00553207,2024-12-08T22:43:18.885375051-05:00
BTC-USD,99056.838308855831792,1,ask,99609.82,0.00558247,2024-12-08T22:44:19.038011561-05:00
BTC-USD,99025.076403048502384,1,ask,99577.052806097004768,0.00557411,2024-12-08T22:45:19.194184317-05:00
BTC-USD,99024.640388272955118,1,ask,99580.3928929,0.00561226,2024-12-08T22:46:19.356716548-05:00
BTC-USD,99028.06345,1,ask,99581.66,0.0055903,2024-12-08T22:47:19.516120583-05:00
BTC-USD,98965.06,1,ask,99515.3,0.00555994,2024-12-08T22:48:19.672357784-05:00
BTC-USD,98915.18960137,1,ask,99469.10061074,0.00559986,2024-12-08T22:49:19.84798376-05:00
BTC-USD,98905.977284008289216,1,ask,99451.50909043,0.00551566,2024-12-08T22:50:20.010529523-05:00
BTC-USD,98831.18815699,1,ask,99373.52907798,0.00548755,2024-12-08T22:51:20.180020731-05:00
BTC-USD,98831.731368,1,ask,99376.56,0.00551269,2024-12-08T22:52:20.33174058-05:00
BTC-USD,98824.182946,1,ask,99371.25,0.00553576,2024-12-08T22:53:20.493402475-05:00
BTC-USD,98598.08099997,1,ask,99146.11679194,0.00555828,2024-12-08T22:54:20.641080523-05:00
BTC-USD,98960.68848416,1,ask,99510.15755232,0.0055524,2024-12-08T22:55:20.7964769-05:00
BTC-USD,99035.122158,1,ask,99585.85,0.00556093,2024-12-08T22:56:20.944933655-05:00
BTC-USD,99041.054832,1,ask,99590.76,0.00555028,2024-12-08T22:57:21.114634945-05:00
BTC-USD,99050.735858,1,ask,99597.4,0.00551903,2024-12-08T22:58:21.287826236-05:00
BTC-USD,99143.890418557148038,1,ask,99691.77,0.00552611,2024-12-08T22:59:21.442510265-05:00
BTC-USD,99129.539313678232572,1,ask,99684.94631036,0.00560284,2024-12-08T23:00:21.630844364-05:00
BTC-USD,99145.568020939271416,1,ask,99697.36800234,0.00556555,2024-12-08T23:01:21.785814464-05:00
BTC-USD,99226.844991975,1,ask,99780.02506795,0.0055749,2024-12-08T23:02:21.938869671-05:00
BTC-USD,99358.819694665,1,ask,99907.85287333,0.00552576,2024-12-08T23:03:22.098851234-05:00
BTC-USD,99365.99758312955759,1,ask,99907.97373425911518,0.00545434,2024-12-08T23:04:22.254873069-05:00
BTC-USD,99351.783660355,1,ask,99898.25748871,0.00550039,2024-12-08T23:05:22.407784414-05:00
BTC-USD,99340.942597535,1,ask,99888.06867907,0.00550756,2024-12-08T23:06:22.558621864-05:00
BTC-USD,99341.694752699361548,1,ask,99897.594757398723096,0.00559584,2024-12-08T23:07:22.714343241-05:00
BTC-USD,99323.690062938868046,1,ask,99878.399861877736092,0.00558487,2024-12-08T23:08:22.871126053-05:00
BTC-USD,99335.287984945,1,ask,99889.68802589,0.0055811,2024-12-08T23:09:23.054523548-05:00
BTC-USD,99290.44035876327069,1,ask,99844.55059752654138,0.0055807,2024-12-08T23:10:23.211767896-05:00
BTC-USD,99272.291094,1,ask,99826.684388,0.00558457,2024-12-08T23:11:23.351161429-05:00
BTC-USD,99348.494471105,1,ask,99897.07063821,0.00552174,2024-12-08T23:12:23.502376783-05:00
BTC-USD,99283.414816994528324,1,ask,99838.968641989056648,0.00559564,2024-12-08T23:13:23.696890164-05:00
BTC-USD,99285.56602931,1,ask,99832.63874262,0.00551009,2024-12-08T23:14:23.857100205-05:00
BTC-USD,99291.074869015,1,ask,99838.16061403,0.00550992,2024-12-08T23:15:24.003442203-05:00
BTC-USD,99302.9636965192003,1,ask,99856.1903010384006,0.0055711,2024-12-08T23:16:24.128168227-05:00
BTC-USD,99374.509664995,1,ask,99920.67689399,0.00549605,2024-12-08T23:17:24.266598912-05:00
BTC-USD,99291.940949435,1,ask,99838.69369087,0.00550652,2024-12-08T23:18:24.414290486-05:00
BTC-USD,99205.32201991,1,ask,99754.06523582,0.00553139,2024-12-08T23:19:24.560648531-05:00
BTC-USD,99234.609919151580986,1,ask,99785.651890303161972,0.00555292,2024-12-08T23:20:24.704682357-05:00
BTC-USD,99146.80287854,1,ask,99693.51576908,0.00551418,2024-12-08T23:21:24.836396213-05:00
BTC-USD,99112.269772908099668,1,ask,99662.381477816199336,0.00555039,2024-12-08T23:22:24.982137087-05:00
BTC-USD,99094.77556764,1,ask,99640.86187928,0.00551075,2024-12-08T23:23:25.127074366-05:00
BTC-USD,99055.919503420909488,1,ask,99607.859174841818976,0.005572,2024-12-08T23:24:25.275736438-05:00
BTC-USD,98984.012089548578174,1,ask,99538.080707097156348,0.00559756,2024-12-08T23:25:25.422226901-05:00
BTC-USD,98883.376483155,1,ask,99431.06108631,0.00553869,2024-12-08T23:26:25.838460279-05:00
BTC-USD,99028.440871330617372,1,ask,99578.86406967,0.00555823,2024-12-08T23:27:26.017490555-05:00
BTC-USD,99054.24667181070895,1,ask,99604.98481997,0.00555997,2024-12-08T23:28:26.170985485-05:00
BTC-USD,99081.131164565,1,ask,99629.71756113,0.00553674,2024-12-08T23:29:26.326237763-05:00
BTC-USD,99152.15738793187222,1,ask,99698.33357517,0.00550846,2024-12-08T23:30:26.430419782-05:00
BTC-USD,99152.310056660412496,1,ask,99696.37225536,0.00548714,2024-12-08T23:31:26.571441534-05:00
BTC-USD,99144.693391927536982,1,ask,99692.12775815,0.00552157,2024-12-08T23:32:26.722458824-05:00
BTC-USD,99137.22533842338499,1,ask,99689.1304592,0.00556708,2024-12-08T23:33:26.859968666-05:00
BTC-USD,99216.032200446719998,1,ask,99769.40376488,0.00557744,2024-12-08T23:34:27.003233355-05:00
BTC-USD,99238.690603116218856,1,ask,99786.99529823,0.00552511,2024-12-08T23:35:27.163582821-05:00
BTC-USD,99240.602622119084652,1,ask,99789.39917277,0.00552996,2024-12-08T23:36:27.305857952-05:00
BTC-USD,99339.50928892,1,ask,99892.97700984,0.00557148,2024-12-08T23:37:27.463758747-05:00
BTC-USD,99347.19735962,1,ask,99898.72015924,0.00555147,2024-12-08T23:38:27.599626526-05:00
BTC-USD,99304.799794281075074,1,ask,99855.74209214,0.00554799,2024-12-08T23:39:27.761235739-05:00
BTC-USD,99392.969055615939532,1,ask,99941.43672119,0.00551817,2024-12-08T23:40:27.914407155-05:00
BTC-USD,99342.803619450679252,1,ask,99895.69268468,0.00556547,2024-12-08T23:41:28.080050402-05:00
BTC-USD,99450.781431212301968,1,ask,100006.49223269,0.0055878,2024-12-08T23:42:28.228686817-05:00
BTC-USD,99419.24840236,1,ask,99974.49755272,0.00558493,2024-12-08T23:43:28.375507736-05:00
BTC-USD,99399.576606655358318,1,ask,99950.8410037,0.00554594,2024-12-08T23:44:28.516657557-05:00
BTC-USD,99408.217212639850084,1,ask,99962.2870719,0.00557368,2024-12-08T23:45:28.669279534-05:00
BTC-USD,99436.748125855,1,ask,99988.43801971,0.00554815,2024-12-08T23:46:28.808889345-05:00
BTC-USD,99378.129408093199214,1,ask,99930.31251133,0.00555638,2024-12-08T23:47:28.949315645-05:00
BTC-USD,99393.516952805,1,ask,99946.17406561,0.00556029,2024-12-08T23:48:29.099626986-05:00
BTC-USD,99375.63728425,1,ask,99922.9399565,0.00550741,2024-12-08T23:49:29.292298988-05:00
BTC-USD,99361.79377607,1,ask,99913.81730014,0.00555569,2024-12-08T23:50:29.436820592-05:00
BTC-USD,99401.509790193869742,1,ask,99948.21585102,0.00549998,2024-12-08T23:51:29.596789313-05:00
BTC-USD,99510.633504095,1,ask,100060.65487619,0.00552726,2024-12-08T23:52:29.718360188-05:00
BTC-USD,99518.432748950969088,1,ask,100068.67114917,0.00552901,2024-12-08T23:53:29.895013152-05:00
BTC-USD,99471.29852593390457,1,ask,100022.86675075,0.005545,2024-12-08T23:54:30.06286405-05:00
BTC-USD,99500.06782495033963,1,ask,100050.26490152,0.00552962,2024-12-08T23:55:30.207980006-05:00
BTC-USD,99452.346937696303802,1,ask,100005.245516,0.00555943,2024-12-08T23:56:30.386057153-05:00
BTC-USD,99436.099195773824554,1,ask,99987.23498,0.00554261,2024-12-08T23:57:30.526589897-05:00
BTC-USD,99455.886925688587724,1,ask,100007.46786428,0.00554599,2024-12-08T23:58:30.661780453-05:00
BTC-USD,99489.620433234338488,1,ask,100037.96389602,0.00551156,2024-12-08T23:59:30.822934248-05:00
BTC-USD,99500.50842891541956,1,ask,100051.13995262,0.00553396,2024-12-09T00:00:30.979199297-05:00
BTC-USD,99472.24596472750492,1,ask,100019.37660465,0.00550033,2024-12-09T00:01:31.136228711-05:00
BTC-USD,99515.033705633913664,1,ask,100061.96242384,0.00549594,2024-12-09T00:02:31.286725833-05:00
BTC-USD,99568.082029845690056,1,ask,100124.70459973,0.00559037,2024-12-09T00:03:31.439956522-05:00
BTC-USD,99492.46041562,1,ask,100043.68693124,0.00554038,2024-12-09T00:04:31.599286383-05:00
BTC-USD,99480.246332155616712,1,ask,100027.071019,0.00549682,2024-12-09T00:05:31.751500836-05:00
BTC-USD,99495.91598881614823,1,ask,100043.71710542,0.00550576,2024-12-09T00:06:31.935640313-05:00
BTC-USD,99538.321397300750198,1,ask,100092.7702593,0.00557021,2024-12-09T00:07:32.069803195-05:00
BTC-USD,99487.110927663986098,1,ask,100035.98245853,0.00551701,2024-12-09T00:08:32.204431435-05:00
BTC-USD,99559.827149575706982,1,ask,100109.44652245,0.00552049,2024-12-09T00:09:32.350130811-05:00
BTC-USD,99555.735240000526708,1,ask,100099.29794003,0.00545988,2024-12-09T00:10:32.496420757-05:00
BTC-USD,99545.41814142949822,1,ask,100089.28011263,0.00546346,2024-12-09T00:11:32.633909544-05:00
BTC-USD,99587.190667118901916,1,ask,100130.38740387,0.00545448,2024-12-09T00:12:32.772911601-05:00
BTC-USD,99509.91382045726155,1,ask,100058.42198713,0.0055121,2024-12-09T00:13:32.917525452-05:00
BTC-USD,99492.951042611015444,1,ask,100037.50498,0.00547329,2024-12-09T00:14:33.067918357-05:00
BTC-USD,99488.380093888345918,1,ask,100034.21224028,0.00548639,2024-12-09T00:15:33.457949817-05:00
BTC-USD,99433.068838866503222,1,ask,99984.65619024,0.00554732,2024-12-09T00:16:33.624511751-05:00
BTC-USD,99423.143797000790734,1,ask,99973.58226955,0.00553632,2024-12-09T00:17:33.797821412-05:00
BTC-USD,99426.173283216860606,1,ask,99972.12385131,0.00549101,2024-12-09T00:18:33.932264524-05:00
BTC-USD,99412.408010152352768,1,ask,99962.72962639,0.00553574,2024-12-09T00:19:34.073489864-05:00
BTC-USD,99409.2395042817666,1,ask,99960.1346478,0.00554169,2024-12-09T00:20:34.283979656-05:00
BTC-USD,99392.0952763167091,1,ask,99935.56281649,0.00546792,2024-12-09T00:21:34.469860241-05:00
BTC-USD,99458.54803927445608,1,ask,100006.15025873,0.00550583,2024-12-09T00:22:34.676219984-05:00
BTC-USD,99484.963033471653982,1,ask,100030.80255855,0.00548665,2024-12-09T00:23:34.850921381-05:00
BTC-USD,99494.521067951559666,1,ask,100042.46990617,0.00550733,2024-12-09T00:24:34.982008093-05:00
BTC-USD,99498.36512494793129,1,ask,100044.80337573,0.00549193,2024-12-09T00:25:35.183275733-05:00
BTC-USD,99517.335156423789136,1,ask,100062.77712661,0.00548087,2024-12-09T00:26:35.342367295-05:00
BTC-USD,99536.155390821655556,1,ask,100090.4066153,0.00556834,2024-12-09T00:27:35.537507139-05:00
BTC-USD,99534.805295508087822,1,ask,100081.48511657,0.00549235,2024-12-09T00:28:35.734380417-05:00
BTC-USD,99559.248173042892188,1,ask,100102.05384842,0.00545209,2024-12-09T00:29:35.9150407-05:00
BTC-USD,99544.089447561931892,1,ask,100095.0132066,0.00553447,2024-12-09T00:30:36.098553565-05:00
BTC-USD,99504.34082010257062,1,ask,100051.81384255,0.005502,2024-12-09T00:31:36.313262459-05:00
BTC-USD,99493.719472892561248,1,ask,100043.35501531,0.00552432,2024-12-09T00:32:37.485848519-05:00
BTC-USD,99496.259480150351004,1,ask,100043.35501531,0.00549865,2024-12-09T00:33:37.683043035-05:00
BTC-USD,99566.308927705019258,1,ask,100110.94517339,0.00547009,2024-12-09T00:34:37.848986376-05:00
BTC-USD,99518.56534880660175,1,ask,100065.1307124,0.00549209,2024-12-09T00:35:38.075877988-05:00
BTC-USD,99516.665162340339288,1,ask,100062.88776526,0.00548876,2024-12-09T00:36:38.300146249-05:00
BTC-USD,99534.644691027244384,1,ask,100085.47816615,0.00553409,2024-12-09T00:37:38.506249448-05:00
BTC-USD,99500.157273318328592,1,ask,100043.99873105,0.00546573,2024-12-09T00:38:38.645862277-05:00
BTC-USD,99468.183030352183432,1,ask,100018.78317923,0.00553544,2024-12-09T00:39:38.865595312-05:00
BTC-USD,99487.02568098708366,1,ask,100029.77663662,0.00545549,2024-12-09T00:40:39.042035341-05:00
BTC-USD,99512.58611656231677,1,ask,100059.45796719,0.0054955,2024-12-09T00:41:39.222480621-05:00
BTC-USD,99493.102728869861122,1,ask,100038.64784398,0.00548325,2024-12-09T00:42:39.404350569-05:00
BTC-USD,99507.409249904943268,1,ask,100053.8455704,0.00549141,2024-12-09T00:43:39.595714096-05:00
BTC-USD,99557.38247281101669,1,ask,100107.99816181,0.00553064,2024-12-09T00:44:39.80612699-05:00
BTC-USD,99548.362832633552498,1,ask,100101.45036483,0.00555597,2024-12-09T00:45:39.999481501-05:00
BTC-USD,99547.211722555,1,ask,100099.47898511,0.00554779,2024-12-09T00:46:40.178388294-05:00
BTC-USD,99563.755426795,1,ask,100113.99276559,0.00552648,2024-12-09T00:47:40.376700595-05:00
BTC-USD,99604.905163001243422,1,ask,100160.40065741,0.00557699,2024-12-09T00:48:40.549577681-05:00
BTC-USD,99612.413012829581266,1,ask,100160.25984455,0.00549978,2024-12-09T00:49:40.731524374-05:00
BTC-USD,99604.222971311709394,1,ask,100159.700290623418788,0.00557685,2024-12-09T00:50:40.920749044-05:00
BTC-USD,99558.07131120281524,1,ask,100105.64457579,0.00550004,2024-12-09T00:51:41.14395104-05:00
BTC-USD,99588.793053157666526,1,ask,100135.06440202,0.00548527,2024-12-09T00:52:41.326492491-05:00
BTC-USD,99579.34913692113704,1,ask,100129.49223649,0.00552467,2024-12-09T00:53:41.552006077-05:00
BTC-USD,99596.127122489321858,1,ask,100144.62961775,0.00550727,2024-12-09T00:54:41.74902942-05:00
BTC-USD,99562.125393970716754,1,ask,100113.89218499,0.00554193,2024-12-09T00:55:41.940195727-05:00
BTC-USD,99514.467079243381212,1,ask,100062.57596543,0.00550783,2024-12-09T00:56:42.12396758-05:00
BTC-USD,99497.433008166190508,1,ask,100049.53066324,0.00554886,2024-12-09T00:57:42.346028781-05:00
BTC-USD,99479.237886557287808,1,ask,100026.90003201,0.00550529,2024-12-09T00:58:42.532569615-05:00
BTC-USD,99493.368935351362182,1,ask,100039.14068884,0.00548551,2024-12-09T00:59:42.692711897-05:00
BTC-USD,99514.419504059339366,1,ask,100063.31020373,0.00551569,2024-12-09T01:00:42.869998212-05:00
BTC-USD,99488.835158755058926,1,ask,100040.96119741,0.00554963,2024-12-09T01:01:43.053769515-05:00
BTC-USD,99459.16669744,1,ask,100013.50269888,0.0055735,2024-12-09T01:02:43.28065743-05:00
BTC-USD,99522.931199338637606,1,ask,100073.39843694,0.00553106,2024-12-09T01:03:43.495067019-05:00
BTC-USD,99479.022324223633018,1,ask,100028.77083081,0.00552628,2024-12-09T01:04:43.675365328-05:00
BTC-USD,99472.210942643750378,1,ask,100022.21297698,0.0055292,2024-12-09T01:05:43.861712104-05:00
BTC-USD,99405.46745852804383,1,ask,99955.0553293,0.00552875,2024-12-09T01:06:44.082937119-05:00
BTC-USD,99325.06119503,1,ask,99872.04619806,0.00550702,2024-12-09T01:07:44.265920904-05:00
BTC-USD,99383.88604450604384,1,ask,99929.8196666,0.00549318,2024-12-09T01:08:44.482704335-05:00
BTC-USD,99374.026665015,1,ask,99926.47033403,0.00555924,2024-12-09T01:09:44.657247745-05:00
BTC-USD,99327.374662260034406,1,ask,99875.58663324,0.00551924,2024-12-09T01:10:44.844121901-05:00
BTC-USD,99339.675907892225174,1,ask,99890.1104642,0.00554093,2024-12-09T01:11:45.039569647-05:00
BTC-USD,99314.720218496846928,1,ask,99865.3173597,0.00554396,2024-12-09T01:12:45.219969648-05:00
BTC-USD,99366.718797019150254,1,ask,99916.57320733,0.00553359,2024-12-09T01:13:45.425942067-05:00
BTC-USD,99331.874067353377746,1,ask,99884.73946294,0.00556584,2024-12-09T01:14:45.625845835-05:00
BTC-USD,99343.25372867,1,ask,99892.15224934,0.00552527,2024-12-09T01:15:45.817225822-05:00
BTC-USD,99372.573005336463832,1,ask,99924.88116124,0.00555795,2024-12-09T01:16:46.005916198-05:00
BTC-USD,99368.247299009901058,1,ask,99923.65407845,0.00558938,2024-12-09T01:17:46.18890373-05:00
BTC-USD,99334.675788758494264,1,ask,99880.38432527,0.00549364,2024-12-09T01:18:46.382194421-05:00
BTC-USD,99280.074278823611854,1,ask,99832.391308,0.00556322,2024-12-09T01:19:46.567836243-05:00
BTC-USD,99324.88526269549754,1,ask,99874.67135028,0.00553523,2024-12-09T01:20:46.747952958-05:00
BTC-USD,99280.979248772050144,1,ask,99835.39464928,0.00558431,2024-12-09T01:21:46.933567573-05:00
BTC-USD,99247.015430307384402,1,ask,99800.18140518,0.00557363,2024-12-09T01:22:47.161091165-05:00
BTC-USD,99203.507579259672596,1,ask,99752.83815352,0.00553741,2024-12-09T01:23:47.349164789-05:00
BTC-USD,99234.44558887,1,ask,99783.44480574,0.00553235,2024-12-09T01:24:47.532372626-05:00
BTC-USD,99184.07764007629056,1,ask,99737.097548,0.00557569,2024-12-09T01:25:47.717315511-05:00
BTC-USD,99140.356600191381196,1,ask,99691.49410099,0.00555916,2024-12-09T01:26:47.897458859-05:00
BTC-USD,99136.532826132604714,1,ask,99692.12775815,0.00560434,2024-12-09T01:27:48.073066569-05:00
BTC-USD,99100.220970021163168,1,ask,99651.0205089,0.00555801,2024-12-09T01:28:48.296358384-05:00
BTC-USD,99055.288801716977084,1,ask,99606.43317891,0.00556401,2024-12-09T01:29:48.471118937-05:00
BTC-USD,99028.375715650410662,1,ask,99580.4,0.00557441,2024-12-09T01:30:48.671091384-05:00
BTC-USD,99080.063142889788016,1,ask,99632.29242161,0.00557357,2024-12-09T01:31:48.887642667-05:00
BTC-USD,99115.210104064916192,1,ask,99670.911728129832384,0.00560662,2024-12-09T01:32:49.031633269-05:00
BTC-USD,99065.545899047461884,1,ask,99617.07459404,0.00556731,2024-12-09T01:33:49.25998768-05:00
BTC-USD,99041.256809452378186,1,ask,99591.46,0.00555529,2024-12-09T01:34:49.45794833-05:00
BTC-USD,98960.816518128532122,1,ask,99506.79816499,0.00551715,2024-12-09T01:35:49.65833003-05:00
BTC-USD,99059.52026470181287,1,ask,99609.80262507,0.00555507,2024-12-09T01:36:49.842948438-05:00
BTC-USD,99105.644501655475786,1,ask,99649.01895711,0.00548278,2024-12-09T01:37:50.031886937-05:00
BTC-USD,99178.327288939055366,1,ask,99724.82648063,0.00551027,2024-12-09T01:38:50.225047073-05:00
BTC-USD,99161.2154232557849,1,ask,99711.96223362,0.00555405,2024-12-09T01:39:50.400951874-05:00
BTC-USD,99116.699405951191804,1,ask,99665.8158996,0.0055401,2024-12-09T01:40:50.570090622-05:00
BTC-USD,99162.207018084511744,1,ask,99709.9908557,0.00552412,2024-12-09T01:41:50.704483752-05:00
BTC-USD,99155.199678746946126,1,ask,99705.72624225,0.00555217,2024-12-09T01:42:50.867816312-05:00
BTC-USD,99243.03415546906596,1,ask,99791.39066717,0.00552539,2024-12-09T01:43:51.044353569-05:00
BTC-USD,99251.92712542031501,1,ask,99805.013344,0.00557255,2024-12-09T01:44:51.218946942-05:00
BTC-USD,99250.047980878301226,1,ask,99798.62240701,0.0055272,2024-12-09T01:45:51.410409314-05:00
BTC-USD,99288.174355663442588,1,ask,99843.04,0.00558844,2024-12-09T01:46:51.586770512-05:00
BTC-USD,99308.676356638093306,1,ask,99858.88020502,0.00554034,2024-12-09T01:47:51.777594902-05:00
BTC-USD,99342.596433475,1,ask,99897.93563095,0.00559014,2024-12-09T01:48:51.981627276-05:00
BTC-USD,99346.601383380833204,1,ask,99899.98747418,0.00557026,2024-12-09T01:49:52.169459218-05:00
BTC-USD,99316.832388105,1,ask,99871.70422421,0.00558689,2024-12-09T01:50:52.344307166-05:00
BTC-USD,99286.524677347164588,1,ask,99837.98962711,0.00555428,2024-12-09T01:51:52.52417685-05:00
BTC-USD,99255.305970271282752,1,ask,99810.36015468,0.00559219,2024-12-09T01:52:52.690611085-05:00
BTC-USD,99218.78048566854216,1,ask,99769.97707385,0.00555537,2024-12-09T01:53:52.832049502-05:00
BTC-USD,99249.758761076381442,1,ask,99801.84098389,0.00556255,2024-12-09T01:54:53.063510919-05:00
BTC-USD,99210.345920357535004,1,ask,99758.27955949,0.00552295,2024-12-09T01:55:53.219781685-05:00
BTC-USD,99165.100677958059092,1,ask,99714.07442427,0.00553596,2024-12-09T01:56:53.397668275-05:00
BTC-USD,99139.218212995777194,1,ask,99688.78848549,0.00554342,2024-12-09T01:57:53.563637025-05:00
BTC-USD,99140.909004347726046,1,ask,99685.85153486,0.00549665,2024-12-09T01:58:53.778525642-05:00
BTC-USD,99109.031033269626546,1,ask,99661.25960316,0.00557193,2024-12-09T01:59:53.979792522-05:00
BTC-USD,99044.264481730588384,1,ask,99588.79136272,0.00549781,2024-12-09T02:00:54.206066603-05:00
BTC-USD,99067.837783408306218,1,ask,99619.41,0.00556762,2024-12-09T02:01:54.378971942-05:00
BTC-USD,99052.450073992381146,1,ask,99602.75193328,0.00555566,2024-12-09T02:02:54.559040892-05:00
BTC-USD,99103.493015813991354,1,ask,99651.30213428,0.00552765,2024-12-09T02:03:54.763950589-05:00
BTC-USD,99084.99633045040003,1,ask,99636.81,0.00556909,2024-12-09T02:04:54.945654356-05:00
BTC-USD,98947.421970759708442,1,ask,99496.98151234,0.00555406,2024-12-09T02:05:55.114394304-05:00
BTC-USD,98985.03277684933687,1,ask,99530.98776598,0.00551553,2024-12-09T02:06:55.291874877-05:00
BTC-USD,98990.08335607467675,1,ask,99536.58003983,0.00552072,2024-12-09T02:07:55.470030999-05:00
BTC-USD,98871.635509154479046,1,ask,99418.58911182,0.00553196,2024-12-09T02:08:55.656563005-05:00
BTC-USD,98883.743730302937416,1,ask,99429.24058033,0.00551655,2024-12-09T02:09:55.880132532-05:00
BTC-USD,98633.862010607017186,1,ask,99176.99496789,0.00550656,2024-12-09T02:10:56.05721624-05:00
BTC-USD,98753.738859831801858,1,ask,99299.55,0.00552699,2024-12-09T02:11:56.227075293-05:00
BTC-USD,98644.876123145709058,1,ask,99184.85029574,0.00547392,2024-12-09T02:12:56.442911736-05:00
BTC-USD,98560.236287135,1,ask,99111.13,0.00558941,2024-12-09T02:13:56.621876742-05:00
BTC-USD,98620.039692788802436,1,ask,99164.58334901,0.00552163,2024-12-09T02:14:56.823170413-05:00
BTC-USD,98555.456681441488946,1,ask,99104.40611285,0.00556995,2024-12-09T02:15:57.007699236-05:00
BTC-USD,98436.536276170233484,1,ask,98980.19943902,0.00552298,2024-12-09T02:16:57.178612433-05:00
BTC-USD,98482.44611176,1,ask,99031.64628352,0.00557663,2024-12-09T02:17:57.349158019-05:00
BTC-USD,98487.822884491013294,1,ask,99040.26601936,0.00560925,2024-12-09T02:18:57.482562583-05:00
BTC-USD,98448.784652677024706,1,ask,98995.91008765,0.00555746,2024-12-09T02:19:57.652419012-05:00
BTC-USD,98529.547193082567754,1,ask,99075.01653142,0.0055361,2024-12-09T02:20:57.83768183-05:00
BTC-USD,98680.685595135403238,1,ask,99225.99773245,0.00552603,2024-12-09T02:21:58.259400069-05:00
BTC-USD,98645.828259921287528,1,ask,99193.33928016,0.00555027,2024-12-09T02:22:58.428070424-05:00
BTC-USD,98710.559974119958174,1,ask,99242.85,0.00539243,2024-12-09T02:23:58.60006768-05:00
BTC-USD,98840.81746326036569,1,ask,99394.95270955,0.00560634,2024-12-09T02:24:58.778558576-05:00
BTC-USD,98915.552055148992924,1,ask,99462.45224306,0.00552896,2024-12-09T02:25:58.954649295-05:00
BTC-USD,98835.469133091236668,1,ask,99386.05134137,0.00557069,2024-12-09T02:26:59.128667254-05:00
BTC-USD,98789.037594992889866,1,ask,99341.61490955,0.00559351,2024-12-09T02:27:59.298936933-05:00
BTC-USD,98764.198193735,1,ask,99306.76379547,0.00549355,2024-12-09T02:28:59.472558514-05:00
BTC-USD,98787.17235830551854,1,ask,99327.75492791,0.00547219,2024-12-09T02:29:59.683652853-05:00
BTC-USD,98840.75030336507794,1,ask,99390.41653207,0.00556113,2024-12-09T02:30:59.877843137-05:00
BTC-USD,98856.880643161450584,1,ask,99409.34576967,0.00558853,2024-12-09T02:32:00.062031462-05:00
BTC-USD,98845.116591275,1,ask,99397.04478255,0.00558377,2024-12-09T02:33:00.268936265-05:00
BTC-USD,98793.5718692990369,1,ask,99342.09769557,0.00555224,2024-12-09T02:34:00.472183911-05:00
BTC-USD,98911.57836396777,1,ask,99462.62322982,0.00557109,2024-12-09T02:35:00.640384309-05:00
BTC-USD,98943.49768799,1,ask,99494.69833598,0.00557086,2024-12-09T02:36:00.849380109-05:00
BTC-USD,99085.167396081721146,1,ask,99640.499160163442292,0.00560459,2024-12-09T02:37:01.045878649-05:00
BTC-USD,99022.479485705,1,ask,99575.84665541,0.0055883,2024-12-09T02:38:01.215944782-05:00
BTC-USD,99156.552513525,1,ask,99707.47634305,0.0055561,2024-12-09T02:39:01.386438176-05:00
BTC-USD,99220.112195520018092,1,ask,99771.39525919,0.00555616,2024-12-09T02:40:01.554389696-05:00
BTC-USD,99285.90316376993633,1,ask,99834.55983084,0.00552603,2024-12-09T02:41:01.738164822-05:00
BTC-USD,99413.690249185,1,ask,99963.08165837,0.00552632,2024-12-09T02:42:01.948191098-05:00
BTC-USD,99419.3037685931677,1,ask,99969.82055632,0.00553732,2024-12-09T02:43:02.117885991-05:00
BTC-USD,99451.714108510162712,1,ask,100003.42452514,0.00554752,2024-12-09T02:44:02.276210245-05:00
BTC-USD,99486.962411420565166,1,ask,100038.31592806,0.00554197,2024-12-09T02:45:02.439019031-05:00
BTC-USD,99428.764566082775212,1,ask,99979.92890344,0.00554331,2024-12-09T02:46:02.622121476-05:00
BTC-USD,99530.996766059678576,1,ask,100088.445456297835236,0.00560075,2024-12-09T02:47:02.79058161-05:00
BTC-USD,99595.498088365,1,ask,100151.06677673,0.00557825,2024-12-09T02:48:02.974221048-05:00
BTC-USD,99653.837756085,1,ask,100207.44221217,0.00555527,2024-12-09T02:49:03.156465805-05:00
BTC-USD,99667.820218293224682,1,ask,100222.150032,0.00556177,2024-12-09T02:50:03.375417037-05:00
BTC-USD,99615.050515730291046,1,ask,100169.929179460582092,0.00557023,2024-12-09T02:51:03.545426756-05:00
BTC-USD,99743.44905658364326,1,ask,100296.96903396,0.00554944,2024-12-09T02:52:03.747996722-05:00
BTC-USD,99728.758949632083254,1,ask,100288.405226973191004,0.00561168,2024-12-09T02:53:03.95861534-05:00
BTC-USD,99665.562440828111338,1,ask,100224.405435777542892,0.00560718,2024-12-09T02:54:04.132963704-05:00
BTC-USD,99749.645174112139046,1,ask,100306.72535653,0.00558478,2024-12-09T02:55:04.359413951-05:00
BTC-USD,99778.67256222,1,ask,100336.43688044,0.00559002,2024-12-09T02:56:04.57259669-05:00
BTC-USD,99697.751651032529808,1,ask,100257.383302065059616,0.00561328,2024-12-09T02:57:04.744872969-05:00
BTC-USD,99612.065582361228092,1,ask,100170.63976382,0.0056075,2024-12-09T02:58:04.91562199-05:00
BTC-USD,99614.424323475,1,ask,100171.80649895,0.0055954,2024-12-09T02:59:05.093079077-05:00
BTC-USD,99616.336416758490164,1,ask,100174.622601516980328,0.00560436,2024-12-09T03:00:05.276871136-05:00
BTC-USD,99615.415750119765,1,ask,100170.6196477,0.00557347,2024-12-09T03:01:05.464024457-05:00
BTC-USD,99563.834735833385914,1,ask,100119.611273937831828,0.00558211,2024-12-09T03:02:05.6423004-05:00
BTC-USD,99488.65476549,1,ask,100046.05057498,0.00560261,2024-12-09T03:03:05.818180458-05:00
BTC-USD,99641.153730375,1,ask,100197.18298875,0.00558032,2024-12-09T03:04:06.018566084-05:00
BTC-USD,99550.083561040022026,1,ask,100107.313178236094052,0.00559748,2024-12-09T03:05:06.235302499-05:00
BTC-USD,99520.07699733748928,1,ask,100071.25818519608856,0.00553839,2024-12-09T03:06:06.449026556-05:00
BTC-USD,99485.530617775,1,ask,100033.73951155,0.00551044,2024-12-09T03:07:06.626869432-05:00
BTC-USD,99405.560816212507178,1,ask,99952.913400425014356,0.00550626,2024-12-09T03:08:06.810158447-05:00
BTC-USD,99484.63557728288,1,ask,100025.28,0.00543445,2024-12-09T03:09:06.985180033-05:00
BTC-USD,99467.87681487940142,1,ask,100012.88,0.00547919,2024-12-09T03:10:07.151098212-05:00
BTC-USD,99446.810502971842648,1,ask,99982.54,0.0053871,2024-12-09T03:11:07.340932566-05:00
BTC-USD,99438.913906,1,ask,99986.28,0.00550455,2024-12-09T03:12:07.507930283-05:00
BTC-USD,99429.634408386831982,1,ask,99971.86,0.00545336,2024-12-09T03:13:07.686635715-05:00
BTC-USD,99576.956516,1,ask,100121.23,0.00546586,2024-12-09T03:14:07.837031384-05:00
BTC-USD,99625.507458,1,ask,100168.61,0.00545144,2024-12-09T03:15:08.028186056-05:00
BTC-USD,99660.837748,1,ask,100197.46,0.00538448,2024-12-09T03:16:08.226516363-05:00
BTC-USD,99596.84478520976916,1,ask,100142.39,0.00547754,2024-12-09T03:17:08.402017966-05:00
BTC-USD,99634.132458,1,ask,100176.91,0.00544771,2024-12-09T03:18:08.585568322-05:00
BTC-USD,99686.33194188971819,1,ask,100232.46,0.00547846,2024-12-09T03:19:08.794123597-05:00
BTC-USD,99677.989287165983828,1,ask,100222.29,0.00546059,2024-12-09T03:20:08.997801262-05:00
BTC-USD,99676.468258,1,ask,100220.99,0.00546289,2024-12-09T03:21:09.171065025-05:00
BTC-USD,99616.828258,1,ask,100161.38,0.00546646,2024-12-09T03:22:09.360426142-05:00
BTC-USD,99600.25952571071628,1,ask,100145.8,0.0054773,2024-12-09T03:23:09.522738627-05:00
BTC-USD,99678.053361122878962,1,ask,100220.11,0.00543807,2024-12-09T03:24:09.713823136-05:00
BTC-USD,99675.341004,1,ask,100219.24,0.00545671,2024-12-09T03:25:09.943461446-05:00
BTC-USD,99648.51652,1,ask,100195,0.00548411,2024-12-09T03:26:10.129903556-05:00
BTC-USD,99461.3692,1,ask,100005.61,0.00547188,2024-12-09T03:27:10.313022547-05:00
BTC-USD,99392.46065,1,ask,99938.15,0.00549025,2024-12-09T03:28:10.50414888-05:00
BTC-USD,99404.246734,1,ask,99945.65,0.00544648,2024-12-09T03:29:10.682193118-05:00
BTC-USD,99414.144194206484302,1,ask,99960.52,0.00549596,2024-12-09T03:30:10.860047149-05:00
BTC-USD,99346.786568274841088,1,ask,99892.01,0.00548808,2024-12-09T03:31:11.028154961-05:00
BTC-USD,99319.09960641500825,1,ask,99859.62,0.00544226,2024-12-09T03:32:11.214969762-05:00
BTC-USD,99251.840376089875522,1,ask,99791.34,0.00543566,2024-12-09T03:33:11.398163579-05:00
BTC-USD,99217.353339533996056,1,ask,99762.67,0.00549618,2024-12-09T03:34:11.582779253-05:00
BTC-USD,99219.24869142,1,ask,99763.56,0.00548594,2024-12-09T03:35:11.780519844-05:00
BTC-USD,99196.16944503,1,ask,99740.42,0.00548661,2024-12-09T03:36:11.962187828-05:00
BTC-USD,99101.102374,1,ask,99642.16,0.00545965,2024-12-09T03:37:12.156100045-05:00
BTC-USD,99114.683258,1,ask,99660.31,0.005505,2024-12-09T03:38:12.330626806-05:00
BTC-USD,99160.989769199345278,1,ask,99714.758106398690556,0.00558454,2024-12-09T03:39:12.523821583-05:00
BTC-USD,99366.472305185,1,ask,99913.51826237,0.00550534,2024-12-09T03:40:12.702725821-05:00
BTC-USD,99517.99489647,1,ask,100068.99113694,0.00553665,2024-12-09T03:41:12.881798937-05:00
BTC-USD,99567.93607581443082,1,ask,100121.90071962886164,0.00556369,2024-12-09T03:42:13.082675226-05:00
BTC-USD,99473.30524,1,ask,100031.240348,0.00560889,2024-12-09T03:43:13.249653319-05:00
BTC-USD,99506.624497690928034,1,ask,100065.525111381856068,0.00561672,2024-12-09T03:44:13.436165526-05:00
BTC-USD,99484.539486348408596,1,ask,100036.4601232,0.0055478,2024-12-09T03:45:13.616044273-05:00
BTC-USD,99464.594604452464706,1,ask,100018.90705713,0.00557296,2024-12-09T03:46:13.827242688-05:00
BTC-USD,99391.394421686364208,1,ask,99944.2084585,0.00556199,2024-12-09T03:47:14.017060354-05:00
BTC-USD,99366.086501208785436,1,ask,99914.86617655,0.00552281,2024-12-09T03:48:14.204063403-05:00
BTC-USD,99266.230509939251732,1,ask,99818.27908365,0.00556129,2024-12-09T03:49:14.381760834-05:00
BTC-USD,99057.18558288529409,1,ask,99604.99691419,0.00553025,2024-12-09T03:50:14.56549896-05:00
BTC-USD,99049.250040417467198,1,ask,99599.62537952,0.00555658,2024-12-09T03:51:14.757561063-05:00
BTC-USD,99147.44444022,1,ask,99696.79584844,0.00554075,2024-12-09T03:52:14.948163624-05:00
BTC-USD,99132.97161012,1,ask,99688.82907624,0.00560719,2024-12-09T03:53:15.138504256-05:00
BTC-USD,99112.995614804170904,1,ask,99665.19029599,0.00557137,2024-12-09T03:54:15.312400391-05:00
BTC-USD,98971.880330815110074,1,ask,99521.58724869,0.00555417,2024-12-09T03:55:15.534617535-05:00
BTC-USD,98948.29713579469978,1,ask,99505.84427158939956,0.00563473,2024-12-09T03:56:15.71799289-05:00
BTC-USD,98977.5225412,1,ask,99525.2185664,0.00553354,2024-12-09T03:57:15.906112756-05:00
BTC-USD,98958.408689932505548,1,ask,99512.02109055,0.00559439,2024-12-09T03:58:16.096705192-05:00
BTC-USD,98913.23466889921415,1,ask,99463.71074842,0.00556524,2024-12-09T03:59:16.269073899-05:00
BTC-USD,98932.682571685,1,ask,99487.62125537,0.00560926,2024-12-09T04:00:16.451220145-05:00
BTC-USD,99017.723844245457012,1,ask,99572.80181854,0.00560584,2024-12-09T04:01:16.63301324-05:00
BTC-USD,99036.283793071035148,1,ask,99592.735442142070296,0.00561866,2024-12-09T04:02:16.815845533-05:00
BTC-USD,98962.984787297375488,1,ask,99513.759676,0.00556546,2024-12-09T04:03:17.005292744-05:00
BTC-USD,98890.923874124130632,1,ask,99445.917100128261264,0.00561218,2024-12-09T04:04:17.183625302-05:00
BTC-USD,98919.58010106519904,1,ask,99463.06,0.00549416,2024-12-09T04:05:17.370869444-05:00
BTC-USD,98935.12825699447074,1,ask,99489.20053586,0.00560036,2024-12-09T04:06:17.567495521-05:00
BTC-USD,98957.694294377307412,1,ask,99513.1713989,0.00561328,2024-12-09T04:07:17.771615704-05:00
BTC-USD,98936.954782865511884,1,ask,99485.26069013,0.00554197,2024-12-09T04:08:17.95621338-05:00
BTC-USD,98920.013050992690132,1,ask,99474.02805449,0.00560064,2024-12-09T04:09:18.154046484-05:00
BTC-USD,98873.988272425,1,ask,99422.66654485,0.00554927,2024-12-09T04:10:18.335282147-05:00
BTC-USD,98871.225281316014646,1,ask,99419.24646805,0.00554278,2024-12-09T04:11:18.513060141-05:00
BTC-USD,98969.013453032251602,1,ask,99520.43045773,0.00557161,2024-12-09T04:12:18.698601563-05:00
BTC-USD,98950.464596752576112,1,ask,99502.21351539,0.00557601,2024-12-09T04:13:18.878961452-05:00
BTC-USD,98982.524969975,1,ask,99534.28805995,0.00557435,2024-12-09T04:14:19.095853986-05:00
BTC-USD,99003.18222022067067,1,ask,99555.56242389,0.00557942,2024-12-09T04:15:19.278802494-05:00
BTC-USD,99042.51059729,1,ask,99590.55699458,0.00553345,2024-12-09T04:16:19.458983485-05:00
BTC-USD,99036.798044616852204,1,ask,99589.84281964,0.00558424,2024-12-09T04:17:19.633959313-05:00
BTC-USD,99001.66240125,1,ask,99550.1709065,0.0055404,2024-12-09T04:18:19.839846765-05:00
BTC-USD,98965.70388873,1,ask,99513.14446146,0.00553162,2024-12-09T04:19:20.03027708-05:00
BTC-USD,98853.005649983181072,1,ask,99400.43562032,0.00553782,2024-12-09T04:20:20.142348002-05:00
BTC-USD,98702.559223901878198,1,ask,99252.74232162,0.00557415,2024-12-09T04:21:20.307689307-05:00
BTC-USD,98788.893862800205202,1,ask,99335.22444089,0.00553028,2024-12-09T04:22:20.478153803-05:00
BTC-USD,98783.624254931773088,1,ask,99329.89327904,0.00552996,2024-12-09T04:23:20.644883569-05:00
BTC-USD,98736.962792989534032,1,ask,99283.52223256,0.00553551,2024-12-09T04:24:20.842828728-05:00
BTC-USD,98734.793498727067866,1,ask,99284.29675976,0.00556545,2024-12-09T04:25:21.044602133-05:00
BTC-USD,98652.93765114,1,ask,99203.51458628,0.00558095,2024-12-09T04:26:21.236569722-05:00
BTC-USD,98672.619809484452128,1,ask,99220.65476975,0.00555407,2024-12-09T04:27:21.411733204-05:00
BTC-USD,98611.321351054102462,1,ask,99157.9683744,0.00554345,2024-12-09T04:28:21.617710868-05:00
BTC-USD,98637.354554203127532,1,ask,99182.71300305,0.00552892,2024-12-09T04:29:21.822985518-05:00
BTC-USD,98689.59236558,1,ask,99237.55596,0.00555239,2024-12-09T04:30:22.04269679-05:00
BTC-USD,98633.077227347330656,1,ask,99179.89654118,0.00554397,2024-12-09T04:31:22.196069539-05:00
BTC-USD,98733.077115510316764,1,ask,99283.390456,0.00557375,2024-12-09T04:32:22.41858624-05:00
BTC-USD,98750.469026918027472,1,ask,99305.178236198419968,0.00561728,2024-12-09T04:33:22.618736099-05:00
BTC-USD,98679.206568006129558,1,ask,99229.40592002,0.00557564,2024-12-09T04:34:22.800029436-05:00
BTC-USD,98670.01194346351727,1,ask,99217.86,0.00555233,2024-12-09T04:35:22.967769835-05:00
BTC-USD,98483.422240481468438,1,ask,99027.31,0.00552263,2024-12-09T04:36:23.129137599-05:00
BTC-USD,98513.14498352,1,ask,99056.55564704,0.00551612,2024-12-09T04:37:23.343085779-05:00
BTC-USD,98611.145628385,1,ask,99162.97765277,0.00559604,2024-12-09T04:38:23.513779433-05:00
BTC-USD,98554.26278767446323,1,ask,99105.99141934892646,0.00559822,2024-12-09T04:39:23.673937086-05:00
BTC-USD,98494.100871839918032,1,ask,99038.39953244,0.00552621,2024-12-09T04:40:23.878087741-05:00
BTC-USD,98527.453589625,1,ask,99074.67152725,0.00555396,2024-12-09T04:41:24.057342846-05:00
BTC-USD,98596.837952981860864,1,ask,99147.408525963721728,0.00558406,2024-12-09T04:42:24.223469517-05:00
BTC-USD,98529.59839346,1,ask,99081.82332692,0.00560466,2024-12-09T04:43:24.383049253-05:00
BTC-USD,98678.55484056450816,1,ask,99227.03204476,0.00555822,2024-12-09T04:44:24.542093718-05:00
BTC-USD,98757.22561806,1,ask,99305.53087612,0.00555205,2024-12-09T04:45:24.741408068-05:00
BTC-USD,98769.628360422879836,1,ask,99317.819796345759672,0.0055502,2024-12-09T04:46:24.938016087-05:00
BTC-USD,98744.218805402983504,1,ask,99286.100736,0.00548773,2024-12-09T04:47:25.069824251-05:00
BTC-USD,98804.191899555,1,ask,99357.23308711,0.00559735,2024-12-09T04:48:25.240842617-05:00
BTC-USD,98668.473116565530226,1,ask,99217.98820284539,0.00556931,2024-12-09T04:49:25.463623549-05:00
BTC-USD,98629.801158229502708,1,ask,99178.56878059,0.00556391,2024-12-09T04:50:25.657780349-05:00
BTC-USD,98650.7958134226375,1,ask,99195.31667014,0.00551968,2024-12-09T04:51:25.850255068-05:00
BTC-USD,98651.551279345184588,1,ask,99191.55468168,0.00547385,2024-12-09T04:52:26.034926089-05:00
BTC-USD,98616.419685082007532,1,ask,99164.78823533,0.00556062,2024-12-09T04:53:26.218895791-05:00
BTC-USD,98515.993546,1,ask,99050.56,0.00542619,2024-12-09T04:54:26.392444059-05:00
BTC-USD,98450.790858,1,ask,98990.23,0.00547928,2024-12-09T04:55:26.580442893-05:00
BTC-USD,98500.308874,1,ask,99043.67,0.00551634,2024-12-09T04:56:26.754444536-05:00
BTC-USD,98649.477691347719346,1,ask,99189.84419541408,0.00547764,2024-12-09T04:57:26.925986914-05:00
BTC-USD,98553.525072,1,ask,99096.92,0.0055137,2024-12-09T04:58:27.094530569-05:00
BTC-USD,98446.51145959,1,ask,98986.30506718,0.00548312,2024-12-09T04:59:27.288943932-05:00
BTC-USD,98357.176504,1,ask,98896.17,0.00547996,2024-12-09T05:00:27.458712174-05:00
BTC-USD,98404.397410110640944,1,ask,98945.2,0.00549572,2024-12-09T05:01:27.621094345-05:00
BTC-USD,98339.643020520894084,1,ask,98893.558112091252804,0.00563267,2024-12-09T05:02:27.805654976-05:00
BTC-USD,98491.509982507646268,1,ask,99041.956252,0.00558877,2024-12-09T05:03:28.001381115-05:00
BTC-USD,98468.723069411490622,1,ask,99006.93,0.00546577,2024-12-09T05:04:28.178953474-05:00
BTC-USD,98417.1371,1,ask,98959.82,0.00551411,2024-12-09T05:05:28.356452645-05:00
BTC-USD,98392.93739,1,ask,98931.77,0.00547633,2024-12-09T05:06:28.573256221-05:00
BTC-USD,98430.05836298153196,1,ask,98976.36,0.00555015,2024-12-09T05:07:32.401125272-05:00
BTC-USD,98534.915434,1,ask,99075.73,0.00548856,2024-12-09T05:08:32.554078556-05:00
BTC-USD,98504.985646,1,ask,99045.36,0.00548576,2024-12-09T05:09:33.723828531-05:00
BTC-USD,98509.450716,1,ask,99050.15,0.00548881,2024-12-09T05:10:33.892290211-05:00
BTC-USD,98508.2784,1,ask,99051.98,0.00551935,2024-12-09T05:11:34.071706054-05:00
BTC-USD,98534.923270033834694,1,ask,99078.16,0.00551314,2024-12-09T05:12:34.223307041-05:00
BTC-USD,98507.98021,1,ask,99047.65,0.00547844,2024-12-09T05:13:34.380709064-05:00
BTC-USD,98455.435868,1,ask,98995.25,0.00548283,2024-12-09T05:14:34.534770563-05:00
BTC-USD,98503.719789395564072,1,ask,99048.92,0.00553482,2024-12-09T05:15:34.686789024-05:00
BTC-USD,98476.315302066833482,1,ask,99027.669021805111644,0.00559885,2024-12-09T05:16:34.8459804-05:00
BTC-USD,98521.851739104289606,1,ask,99074.962690165890036,0.00561409,2024-12-09T05:17:35.004015405-05:00
BTC-USD,98483.7000933683562,1,ask,99029.11527026,0.00553813,2024-12-09T05:18:35.152733189-05:00
BTC-USD,98468.393688823785494,1,ask,99013.72532364,0.00553814,2024-12-09T05:19:35.304190198-05:00
BTC-USD,98376.396586915,1,ask,98923.81988183,0.00556458,2024-12-09T05:20:35.451190815-05:00
BTC-USD,98371.103692399317606,1,ask,98912.8616,0.00550729,2024-12-09T05:21:35.596617935-05:00
BTC-USD,98431.39264028758038,1,ask,98977.4,0.00554709,2024-12-09T05:22:35.755279294-05:00
BTC-USD,98409.342003019052156,1,ask,98957.96946285,0.00557495,2024-12-09T05:23:35.914268613-05:00
BTC-USD,98333.543888415201504,1,ask,98882.34,0.00558097,2024-12-09T05:24:36.073224038-05:00
BTC-USD,98331.351493904575776,1,ask,98874.3,0.00552162,2024-12-09T05:25:36.215749975-05:00
BTC-USD,98325.035912,1,ask,98871.71,0.00555987,2024-12-09T05:26:36.367951105-05:00
BTC-USD,98311.418596185,1,ask,98860.55012037,0.00558563,2024-12-09T05:27:36.510457318-05:00
BTC-USD,98379.736364908214216,1,ask,98930.56932753,0.00559905,2024-12-09T05:28:36.662100787-05:00
BTC-USD,98303.67926764138021,1,ask,98852.71246728276042,0.00558507,2024-12-09T05:29:36.822878557-05:00
BTC-USD,98422.71368607480973,1,ask,98968.01819133,0.00554043,2024-12-09T05:30:36.984322984-05:00
BTC-USD,98343.387802287969836,1,ask,98884.53026416,0.00550258,2024-12-09T05:31:37.144123513-05:00
BTC-USD,98320.325161413419974,1,ask,98866.77650825,0.00555787,2024-12-09T05:32:37.319527478-05:00
BTC-USD,98409.5507877042814,1,ask,98954.5695928,0.00553827,2024-12-09T05:33:37.482727454-05:00
BTC-USD,98531.095783499949244,1,ask,99074.58099814,0.00551588,2024-12-09T05:34:37.646090318-05:00
BTC-USD,98573.612024375826274,1,ask,99120.1976127,0.00554495,2024-12-09T05:35:37.813135511-05:00
BTC-USD,98571.701337858384014,1,ask,99121.27390333,0.00557536,2024-12-09T05:36:37.928217506-05:00
BTC-USD,98629.974709780676122,1,ask,99172.90568055,0.00550473,2024-12-09T05:37:38.084956069-05:00
BTC-USD,98648.750533723605558,1,ask,99192.35938509,0.00551055,2024-12-09T05:38:38.232812332-05:00
