symbol,price,quantity,side,ask_inclusive_of_buy_spread,buy_spread,timestamp
BTC-USD,97101.987204,1,ask,97122.541424,0.00021168,2024-12-10T16:55:18.343337068-05:00
BTC-USD,97096.782516,1,ask,97100.785032,0.00004122,2024-12-10T16:56:18.946330473-05:00
BTC-USD,96930.781534,1,ask,96935.563068,0.00004933,2024-12-10T16:57:19.554602326-05:00
BTC-USD,97007.102664,1,ask,97019.021232,0.00012286,2024-12-10T16:58:20.135179894-05:00
BTC-USD,96837.505,1,ask,96841.01,0.00003619,2024-12-10T16:59:20.77003206-05:00
BTC-USD,96960.671852,1,ask,96969.7344,0.00009347,2024-12-10T17:00:21.369312864-05:00
BTC-USD,97107.306578,1,ask,97117.496972,0.00010494,2024-12-10T17:01:22.006360213-05:00
BTC-USD,97119.294032,1,ask,97127.335568,0.0000828,2024-12-10T17:02:23.676751385-05:00
BTC-USD,97149.729356,1,ask,97157.95848,0.00008471,2024-12-10T17:03:24.31299896-05:00
BTC-USD,97108.828998,1,ask,97117.122244,0.0000854,2024-12-10T17:04:24.939842039-05:00
BTC-USD,97133.591598,1,ask,97142.6,0.00009274,2024-12-10T17:05:25.563274579-05:00
BTC-USD,97103.800706,1,ask,97112.759344,0.00009226,2024-12-10T17:06:26.26259222-05:00
BTC-USD,97137.844694,1,ask,97145,0.00007366,2024-12-10T17:07:26.950283961-05:00
BTC-USD,96959,1,ask,96972,0.00013408,2024-12-10T17:08:27.683608697-05:00
BTC-USD,97082.983054,1,ask,97087.606108,0.00004762,2024-12-10T17:09:28.408095821-05:00
BTC-USD,97049.145,1,ask,97066,0.00017367,2024-12-10T17:10:29.334225795-05:00
BTC-USD,96940.579644,1,ask,96950.159288,0.00009882,2024-12-10T17:11:29.985867542-05:00
BTC-USD,96781.529286,1,ask,96784.398572,0.00002965,2024-12-10T17:12:30.615586551-05:00
BTC-USD,96810.665364,1,ask,96815.640728,0.00005139,2024-12-10T17:13:31.253716965-05:00
BTC-USD,96844.239054,1,ask,96853.548108,0.00009612,2024-12-10T17:14:31.852099104-05:00
BTC-USD,96858.255,1,ask,96879,0.00021418,2024-12-10T17:15:32.471946225-05:00
BTC-USD,96813.125,1,ask,96829.75,0.00017172,2024-12-10T17:16:33.119752512-05:00
BTC-USD,96748,1,ask,96762,0.00014471,2024-12-10T17:17:33.707562971-05:00
BTC-USD,96716.369144,1,ask,96727.578288,0.0001159,2024-12-10T17:18:34.310806024-05:00
BTC-USD,96690.952888,1,ask,96697.105776,0.00006363,2024-12-10T17:19:34.961916389-05:00
BTC-USD,96791.179614,1,ask,96794.169228,0.00003089,2024-12-10T17:20:35.564620647-05:00
BTC-USD,96667.711002,1,ask,96671.422004,0.00003839,2024-12-10T17:21:36.217450674-05:00
BTC-USD,96796.617326,1,ask,96804.62946,0.00008277,2024-12-10T17:22:36.80804587-05:00
BTC-USD,96768.470956,1,ask,96773.361912,0.00005054,2024-12-10T17:23:37.421062311-05:00
BTC-USD,96753.93601,1,ask,96762.670072,0.00009027,2024-12-10T17:24:38.0594255-05:00
BTC-USD,96773.049876,1,ask,96781.728568,0.00008968,2024-12-10T17:25:38.646567714-05:00
BTC-USD,96734.431608,1,ask,96742.83578,0.00008688,2024-12-10T17:26:39.310295472-05:00
BTC-USD,96738.982082,1,ask,96745.31878,0.0000655,2024-12-10T17:27:40.181998127-05:00
BTC-USD,96778.389552,1,ask,96793.00262,0.000151,2024-12-10T17:28:41.080199828-05:00
BTC-USD,96789.796514,1,ask,96798.083956,0.00008562,2024-12-10T17:29:41.700778874-05:00
BTC-USD,96883.782204,1,ask,96904.289964,0.00021167,2024-12-10T17:30:42.326936192-05:00
BTC-USD,96903.211692,1,ask,96912.383384,0.00009465,2024-12-10T17:31:42.946187373-05:00
BTC-USD,96904.863932,1,ask,96923.297788,0.00019023,2024-12-10T17:32:43.670162495-05:00
BTC-USD,97060.214524,1,ask,97069.459048,0.00009525,2024-12-10T17:33:44.340311297-05:00
BTC-USD,97066.957302,1,ask,97089.62468,0.00023352,2024-12-10T17:34:44.946396887-05:00
BTC-USD,97082.80128,1,ask,97094.98256,0.00012547,2024-12-10T17:35:45.562194666-05:00
BTC-USD,97007.97051,1,ask,97023.44102,0.00015948,2024-12-10T17:36:46.212064087-05:00
BTC-USD,96925.1291,1,ask,96933.8882,0.00009037,2024-12-10T17:37:46.855345284-05:00
BTC-USD,96926.314376,1,ask,96942.728752,0.00016935,2024-12-10T17:38:47.529085405-05:00
BTC-USD,96918.630868,1,ask,96940.2047,0.0002226,2024-12-10T17:39:48.281651406-05:00
BTC-USD,96899.872894,1,ask,96911.845788,0.00012356,2024-12-10T17:40:48.902372556-05:00
BTC-USD,96836.225814,1,ask,96845.011628,0.00009073,2024-12-10T17:41:49.507808812-05:00
BTC-USD,96832.79701,1,ask,96841.30402,0.00008785,2024-12-10T17:42:50.130279412-05:00
BTC-USD,96816.624412,1,ask,96829.148824,0.00012936,2024-12-10T17:43:50.79235155-05:00
BTC-USD,96806.723434,1,ask,96818.246868,0.00011904,2024-12-10T17:44:51.371232707-05:00
BTC-USD,96861.251836,1,ask,96871.603672,0.00010687,2024-12-10T17:45:51.979874881-05:00
BTC-USD,96863.326502,1,ask,96874.453004,0.00011487,2024-12-10T17:46:52.576963627-05:00
BTC-USD,96855.902476,1,ask,96865.574952,0.00009986,2024-12-10T17:47:53.183123451-05:00
BTC-USD,96921.1978,1,ask,96932.2956,0.0001145,2024-12-10T17:48:53.766668731-05:00
BTC-USD,96962.903656,1,ask,96973.107312,0.00010523,2024-12-10T17:49:54.359039962-05:00
BTC-USD,96959.590082,1,ask,96974.660164,0.00015543,2024-12-10T17:50:54.940960555-05:00
BTC-USD,96923.92529,1,ask,96933.80058,0.00010189,2024-12-10T17:51:55.663029431-05:00
BTC-USD,96912.933986,1,ask,96923.567972,0.00010973,2024-12-10T17:52:56.320705947-05:00
BTC-USD,96949.963642,1,ask,96975.478928,0.00026318,2024-12-10T17:53:57.115127375-05:00
BTC-USD,96959.441436,1,ask,96964.672872,0.00005395,2024-12-10T17:54:57.764395623-05:00
BTC-USD,96950.638332,1,ask,96963.656664,0.00013428,2024-12-10T17:55:58.429873716-05:00
BTC-USD,96861.096088,1,ask,96869.512176,0.00008689,2024-12-10T17:56:59.034011682-05:00
BTC-USD,96971.243868,1,ask,96974.887736,0.00003758,2024-12-10T17:57:59.72752441-05:00
BTC-USD,96989.375904,1,ask,97009.675824,0.0002093,2024-12-10T17:59:00.348906279-05:00
BTC-USD,96951.403656,1,ask,96970.0752,0.00019259,2024-12-10T18:00:00.948598974-05:00
BTC-USD,97000.329914,1,ask,97006.459828,0.00006319,2024-12-10T18:01:01.60506462-05:00
BTC-USD,97105.67293,1,ask,97111.56586,0.00006069,2024-12-10T18:02:02.420547911-05:00
BTC-USD,97144.68363,1,ask,97152.923864,0.00008482,2024-12-10T18:03:03.049131878-05:00
BTC-USD,97140.97698,1,ask,97150.386432,0.00009686,2024-12-10T18:04:04.759534926-05:00
BTC-USD,97176.780096,1,ask,97182.740192,0.00006133,2024-12-10T18:05:05.35921162-05:00
BTC-USD,97193.215152,1,ask,97198.930304,0.0000588,2024-12-10T18:06:05.976690325-05:00
BTC-USD,97199.865,1,ask,97211.73,0.00012207,2024-12-10T18:07:06.619612252-05:00
BTC-USD,97069.442626,1,ask,97072.995252,0.0000366,2024-12-10T18:08:07.217928376-05:00
BTC-USD,97091.658154,1,ask,97098.176308,0.00006713,2024-12-10T18:09:07.850828086-05:00
BTC-USD,97011.749134,1,ask,97016.408268,0.00004803,2024-12-10T18:10:08.46922204-05:00
BTC-USD,97063.6231,1,ask,97068.6562,0.00005185,2024-12-10T18:11:09.298302588-05:00
BTC-USD,97039.608396,1,ask,97055.05244,0.00015915,2024-12-10T18:12:09.964665779-05:00
BTC-USD,97047.789234,1,ask,97053.578468,0.00005965,2024-12-10T18:13:10.625264437-05:00
BTC-USD,96904.468914,1,ask,96910.787828,0.00006521,2024-12-10T18:14:11.282807073-05:00
BTC-USD,96971.964062,1,ask,96983.791068,0.00012196,2024-12-10T18:15:11.875611106-05:00
BTC-USD,97006.59306,1,ask,97011.32612,0.00004879,2024-12-10T18:16:12.539674666-05:00
BTC-USD,97019.33838,1,ask,97025.05676,0.00005894,2024-12-10T18:17:13.162528804-05:00
BTC-USD,97018.073588,1,ask,97022.177176,0.0000423,2024-12-10T18:18:13.7619842-05:00
BTC-USD,97062.205966,1,ask,97064.561932,0.00002427,2024-12-10T18:19:14.335787914-05:00
BTC-USD,97172.813268,1,ask,97177.236536,0.00004552,2024-12-10T18:20:14.933871506-05:00
BTC-USD,97076.897468,1,ask,97080.654936,0.00003871,2024-12-10T18:21:15.605284044-05:00
BTC-USD,97047.682468,1,ask,97050.274936,0.00002671,2024-12-10T18:22:16.190503719-05:00
BTC-USD,97015.40241,1,ask,97018.91482,0.0000362,2024-12-10T18:23:16.777057793-05:00
BTC-USD,97010.115206,1,ask,97013.440412,0.00003428,2024-12-10T18:24:17.408256608-05:00
BTC-USD,96999.49392,1,ask,97000.59784,0.00001138,2024-12-10T18:25:18.079226272-05:00
BTC-USD,96982.05064,1,ask,96984.26128,0.00002279,2024-12-10T18:26:18.768778523-05:00
BTC-USD,97077.6094,1,ask,97082.2688,0.000048,2024-12-10T18:27:19.351881078-05:00
BTC-USD,97034.4679,1,ask,97038.9358,0.00004604,2024-12-10T18:28:20.021078696-05:00
BTC-USD,97073.531768,1,ask,97075.183536,0.00001702,2024-12-10T18:29:20.71371726-05:00
BTC-USD,97069.57311,1,ask,97076.00622,0.00006627,2024-12-10T18:30:21.354104053-05:00
BTC-USD,97007.929934,1,ask,97016.859868,0.00009205,2024-12-10T18:31:21.95161298-05:00
BTC-USD,97035.978968,1,ask,97042.317936,0.00006533,2024-12-10T18:32:22.542544624-05:00
BTC-USD,97066.024568,1,ask,97081.592136,0.00016038,2024-12-10T18:33:23.14169823-05:00
BTC-USD,97072.268418,1,ask,97079.396836,0.00007343,2024-12-10T18:34:23.76542323-05:00
BTC-USD,97166.442908,1,ask,97190.14832,0.00024397,2024-12-10T18:35:24.404115123-05:00
BTC-USD,97098.47,1,ask,97103.8,0.00005489,2024-12-10T18:36:25.033376716-05:00
BTC-USD,97036.947254,1,ask,97044.754508,0.00008046,2024-12-10T18:37:25.623221019-05:00
BTC-USD,97015.661668,1,ask,97026.866336,0.00011549,2024-12-10T18:38:26.288998316-05:00
BTC-USD,96938.825344,1,ask,96945.250688,0.00006628,2024-12-10T18:39:27.201217414-05:00
BTC-USD,96949.978968,1,ask,96956.807936,0.00007044,2024-12-10T18:40:27.789088579-05:00
BTC-USD,96901.699674,1,ask,96906.399348,0.0000485,2024-12-10T18:41:28.383733568-05:00
BTC-USD,96866.70618,1,ask,96871.76236,0.0000522,2024-12-10T18:42:29.025017054-05:00
BTC-USD,96705.7188,1,ask,96719.5376,0.0001429,2024-12-10T18:43:29.630523631-05:00
BTC-USD,96769.974882,1,ask,96777.289764,0.00007559,2024-12-10T18:44:30.227628784-05:00
BTC-USD,96778.4402,1,ask,96790.7204,0.00012689,2024-12-10T18:45:30.819865318-05:00
BTC-USD,96664.582514,1,ask,96672.065028,0.00007741,2024-12-10T18:46:31.446532261-05:00
BTC-USD,96593.818596,1,ask,96601.637192,0.00008094,2024-12-10T18:47:32.06476854-05:00
BTC-USD,96596.949296,1,ask,96603.228592,0.00006501,2024-12-10T18:48:32.675778985-05:00
BTC-USD,96644.285582,1,ask,96651.371164,0.00007332,2024-12-10T18:49:33.259608391-05:00
BTC-USD,96639.740262,1,ask,96643.090524,0.00003467,2024-12-10T18:50:33.903739341-05:00
BTC-USD,96681.674182,1,ask,96688.188364,0.00006738,2024-12-10T18:51:34.583953563-05:00
BTC-USD,96649.606982,1,ask,96656.553964,0.00007188,2024-12-10T18:52:35.251394301-05:00
BTC-USD,96691.9488,1,ask,96700.5376,0.00008883,2024-12-10T18:53:35.885095698-05:00
BTC-USD,96645.707826,1,ask,96659.928876,0.00014715,2024-12-10T18:54:36.44247847-05:00
BTC-USD,96650.255716,1,ask,96661.086,0.00011206,2024-12-10T18:55:37.053172559-05:00
BTC-USD,96723.286448,1,ask,96727.372896,0.00004225,2024-12-10T18:56:37.681893732-05:00
BTC-USD,96671.875262,1,ask,96674.590524,0.00002809,2024-12-10T18:57:38.28445236-05:00
BTC-USD,96683.3188,1,ask,96688.5376,0.00005398,2024-12-10T18:58:38.904131492-05:00
BTC-USD,96661.6258,1,ask,96665.4516,0.00003958,2024-12-10T18:59:39.537902194-05:00
BTC-USD,96708.28,1,ask,96718.9,0.00010981,2024-12-10T19:00:40.167804813-05:00
BTC-USD,96626.980582,1,ask,96630.371164,0.00003509,2024-12-10T19:01:40.760760542-05:00
BTC-USD,96655.646282,1,ask,96678.378564,0.00023519,2024-12-10T19:02:41.380908183-05:00
BTC-USD,96705.383482,1,ask,96712.606964,0.0000747,2024-12-10T19:03:41.91733833-05:00
BTC-USD,96773.252992,1,ask,96784.305984,0.00011422,2024-12-10T19:04:42.602086425-05:00
BTC-USD,96837.26988,1,ask,96849.93976,0.00013084,2024-12-10T19:05:43.219592061-05:00
BTC-USD,96711.755006,1,ask,96730.720316,0.0001961,2024-12-10T19:06:43.918457807-05:00
BTC-USD,96761.68158,1,ask,96774.20316,0.00012941,2024-12-10T19:07:44.572195378-05:00
BTC-USD,96788.837782,1,ask,96795.015564,0.00006383,2024-12-10T19:08:45.217378933-05:00
BTC-USD,96829.54623,1,ask,96843.44246,0.00014351,2024-12-10T19:09:45.851721915-05:00
BTC-USD,96891.316282,1,ask,96897.982564,0.0000688,2024-12-10T19:10:46.560235607-05:00
BTC-USD,96826.835954,1,ask,96833.021908,0.00006389,2024-12-10T19:11:47.193860956-05:00
BTC-USD,96888.770582,1,ask,96895.891164,0.00007349,2024-12-10T19:12:47.827015633-05:00
BTC-USD,96898.674134,1,ask,96905.198268,0.00006733,2024-12-10T19:13:48.425397789-05:00
BTC-USD,96849.330854,1,ask,96859.161708,0.00010151,2024-12-10T19:14:49.06650684-05:00
BTC-USD,96753.846486,1,ask,96757.532972,0.0000381,2024-12-10T19:15:49.793136667-05:00
BTC-USD,96649.803004,1,ask,96652.306008,0.0000259,2024-12-10T19:16:50.435698876-05:00
BTC-USD,96649.258536,1,ask,96651.617072,0.0000244,2024-12-10T19:17:51.079751053-05:00
BTC-USD,96636.462836,1,ask,96639.025672,0.00002652,2024-12-10T19:18:51.696619002-05:00
BTC-USD,96655.887974,1,ask,96662.875948,0.0000723,2024-12-10T19:19:52.336989458-05:00
BTC-USD,96800.713484,1,ask,96817.085992,0.00016914,2024-12-10T19:20:52.966395781-05:00
BTC-USD,96748.93703,1,ask,96755.57406,0.0000686,2024-12-10T19:21:53.851468383-05:00
BTC-USD,96785.605582,1,ask,96787.881164,0.00002351,2024-12-10T19:22:54.481160778-05:00
BTC-USD,96629.963584,1,ask,96634.627168,0.00004826,2024-12-10T19:23:55.102839195-05:00
BTC-USD,96481.549616,1,ask,96485.999232,0.00004612,2024-12-10T19:24:55.754931934-05:00
BTC-USD,96433.05896,1,ask,96436.57792,0.00003649,2024-12-10T19:25:56.434363311-05:00
BTC-USD,96429.072618,1,ask,96441.67634,0.0001307,2024-12-10T19:26:57.061835518-05:00
BTC-USD,96465.22186,1,ask,96469.80372,0.0000475,2024-12-10T19:27:57.737991723-05:00
BTC-USD,96448.589228,1,ask,96455.008456,0.00006656,2024-12-10T19:28:58.410842023-05:00
BTC-USD,96357.234662,1,ask,96363.659324,0.00006668,2024-12-10T19:29:59.056532783-05:00
BTC-USD,96360.961528,1,ask,96369.55774,0.00008921,2024-12-10T19:30:59.691436161-05:00
BTC-USD,96476.202258,1,ask,96479.174516,0.00003081,2024-12-10T19:32:00.31980824-05:00
BTC-USD,96439.22128,1,ask,96444.27256,0.00005238,2024-12-10T19:33:00.948702611-05:00
BTC-USD,96280.08854,1,ask,96284.41708,0.00004496,2024-12-10T19:34:01.621915993-05:00
BTC-USD,96268.786928,1,ask,96272.473856,0.0000383,2024-12-10T19:35:02.216944148-05:00
BTC-USD,96336.9624,1,ask,96345.14,0.00008489,2024-12-10T19:36:02.850805306-05:00
BTC-USD,96245.817594,1,ask,96254.053224,0.00008557,2024-12-10T19:37:03.538808151-05:00
BTC-USD,96275.40451,1,ask,96278.10902,0.00002809,2024-12-10T19:38:04.147925013-05:00
BTC-USD,96225.289014,1,ask,96235.307484,0.00010411,2024-12-10T19:39:04.825318843-05:00
BTC-USD,96200.529298,1,ask,96215.376864,0.00015434,2024-12-10T19:40:05.433318832-05:00
BTC-USD,96100.698526,1,ask,96105.707052,0.00005212,2024-12-10T19:41:06.055565589-05:00
BTC-USD,96078.274632,1,ask,96085.816648,0.0000785,2024-12-10T19:42:06.678619032-05:00
BTC-USD,96050.24036,1,ask,96054.22072,0.00004144,2024-12-10T19:43:07.324028835-05:00
BTC-USD,95959.625066,1,ask,95968.30568,0.00009046,2024-12-10T19:44:07.973017446-05:00
BTC-USD,96010.007666,1,ask,96014.225332,0.00004393,2024-12-10T19:45:08.583725375-05:00
BTC-USD,95986.551288,1,ask,95994.400624,0.00008178,2024-12-10T19:46:09.200989362-05:00
BTC-USD,96169.523046,1,ask,96173.046092,0.00003663,2024-12-10T19:47:09.847268465-05:00
BTC-USD,96200.394538,1,ask,96207.919076,0.00007822,2024-12-10T19:48:10.52210794-05:00
BTC-USD,96238.256932,1,ask,96241.333864,0.00003197,2024-12-10T19:49:11.209857765-05:00
BTC-USD,96181.230328,1,ask,96189.740732,0.00008848,2024-12-10T19:50:11.85299864-05:00
BTC-USD,96187.328916,1,ask,96191.377832,0.00004209,2024-12-10T19:51:12.545352463-05:00
BTC-USD,96278.450938,1,ask,96286.99768,0.00008877,2024-12-10T19:52:13.166791116-05:00
BTC-USD,96417.659606,1,ask,96425.149212,0.00007768,2024-12-10T19:53:13.8050672-05:00
BTC-USD,96467.71217,1,ask,96474.23434,0.00006761,2024-12-10T19:54:14.425830581-05:00
BTC-USD,96509.156932,1,ask,96517.409012,0.00008551,2024-12-10T19:55:15.078202768-05:00
BTC-USD,96581.376612,1,ask,96584.583224,0.0000332,2024-12-10T19:56:15.688169286-05:00
BTC-USD,96569.550498,1,ask,96577.130996,0.0000785,2024-12-10T19:57:16.338095679-05:00
BTC-USD,96425.90966,1,ask,96435.880808,0.00010341,2024-12-10T19:58:16.972075375-05:00
BTC-USD,96475.568862,1,ask,96480.237724,0.00004839,2024-12-10T19:59:17.57891125-05:00
BTC-USD,96428.54822,1,ask,96429.65644,0.00001149,2024-12-10T20:00:18.214737702-05:00
BTC-USD,96337.607952,1,ask,96351.936304,0.00014873,2024-12-10T20:01:18.86614827-05:00
BTC-USD,96297.90992,1,ask,96302.89984,0.00005182,2024-12-10T20:02:19.49186663-05:00
BTC-USD,96198.79665,1,ask,96208.59448,0.00010185,2024-12-10T20:03:20.108955354-05:00
BTC-USD,96274.862304,1,ask,96285.929008,0.00011495,2024-12-10T20:04:20.736020951-05:00
BTC-USD,96274.412132,1,ask,96284.191776,0.00010158,2024-12-10T20:05:21.36724774-05:00
BTC-USD,96371.077498,1,ask,96383.021432,0.00012394,2024-12-10T20:06:22.005017338-05:00
BTC-USD,96424.700466,1,ask,96429.130932,0.00004595,2024-12-10T20:07:22.625154228-05:00
BTC-USD,96357.356316,1,ask,96369.465852,0.00012567,2024-12-10T20:08:23.230471127-05:00
BTC-USD,96237.697728,1,ask,96246.161364,0.00008795,2024-12-10T20:09:23.873562234-05:00
BTC-USD,96205.411432,1,ask,96211.142864,0.00005957,2024-12-10T20:10:24.490058607-05:00
BTC-USD,96127.988512,1,ask,96134.907024,0.00007197,2024-12-10T20:11:25.095784109-05:00
BTC-USD,96217.03083,1,ask,96226.06166,0.00009386,2024-12-10T20:12:25.778643897-05:00
