symbol,price,quantity,side,ask_inclusive_of_buy_spread,buy_spread,timestamp
BTC-USD,98348.266162,1,ask,98353.642324,0.00005466,2024-12-11T06:04:09.746334553-05:00
BTC-USD,98337.22185,1,ask,98343.2537,0.00006134,2024-12-11T06:05:10.530503653-05:00
BTC-USD,98314.29465,1,ask,98319.5093,0.00005304,2024-12-11T06:06:11.364900457-05:00
BTC-USD,98321.320678,1,ask,98327.061356,0.00005839,2024-12-11T06:07:12.245190951-05:00
BTC-USD,98286.945,1,ask,98303,0.00016335,2024-12-11T06:08:13.079483189-05:00
BTC-USD,98306.260788,1,ask,98309.771576,0.00003571,2024-12-11T06:09:13.943577529-05:00
BTC-USD,98316.152324,1,ask,98328.045072,0.00012096,2024-12-11T06:10:14.768193702-05:00
BTC-USD,98324.84305,1,ask,98327.6061,0.0000281,2024-12-11T06:11:15.571317158-05:00
BTC-USD,98326.52,1,ask,98334.04,0.00007648,2024-12-11T06:12:16.375742136-05:00
BTC-USD,98323.776166,1,ask,98326.972332,0.00003251,2024-12-11T06:13:17.169506565-05:00
BTC-USD,98313.80219,1,ask,98316.52438,0.00002769,2024-12-11T06:14:18.023505918-05:00
BTC-USD,98329.25185,1,ask,98335.2837,0.00006134,2024-12-11T06:15:18.823449117-05:00
BTC-USD,98338.475,1,ask,98348.17,0.00009859,2024-12-11T06:16:19.674843889-05:00
BTC-USD,98461.667514,1,ask,98474.335028,0.00012865,2024-12-11T06:17:20.517914022-05:00
BTC-USD,98387.44,1,ask,98404,0.00016831,2024-12-11T06:18:21.272501182-05:00
BTC-USD,98441.51096,1,ask,98446.69192,0.00005263,2024-12-11T06:19:22.165673103-05:00
BTC-USD,98429.325,1,ask,98443,0.00013893,2024-12-11T06:20:23.003806783-05:00
BTC-USD,98417.575,1,ask,98426,0.0000856,2024-12-11T06:21:23.879479642-05:00
BTC-USD,98418.575,1,ask,98435,0.00016689,2024-12-11T06:22:24.721666862-05:00
BTC-USD,98324.537576,1,ask,98327.605152,0.0000312,2024-12-11T06:23:25.524491436-05:00
BTC-USD,98439.26806,1,ask,98443.96612,0.00004773,2024-12-11T06:24:26.390642315-05:00
BTC-USD,98449.030804,1,ask,98449.641608,0.0000062,2024-12-11T06:25:27.233727821-05:00
BTC-USD,98484.220312,1,ask,98487.160624,0.00002986,2024-12-11T06:26:28.057349184-05:00
BTC-USD,98468.115,1,ask,98480.08,0.00012151,2024-12-11T06:27:28.941248577-05:00
BTC-USD,98458.697246,1,ask,98465.324492,0.00006731,2024-12-11T06:28:29.802682303-05:00
BTC-USD,98484.812838,1,ask,98489.705676,0.00004968,2024-12-11T06:29:30.698837456-05:00
BTC-USD,98455.480696,1,ask,98457.461392,0.00002012,2024-12-11T06:30:31.563841693-05:00
BTC-USD,98461.825,1,ask,98478,0.00016428,2024-12-11T06:31:32.420437814-05:00
BTC-USD,98408.825,1,ask,98423,0.00014404,2024-12-11T06:32:33.235947609-05:00
BTC-USD,98430.325,1,ask,98439,0.00008813,2024-12-11T06:33:34.040230016-05:00
BTC-USD,98411.545,1,ask,98418.93,0.00007504,2024-12-11T06:34:34.907792969-05:00
BTC-USD,98445.714508,1,ask,98454.62524,0.00009051,2024-12-11T06:35:35.77758448-05:00
BTC-USD,98447.575,1,ask,98463,0.00015668,2024-12-11T06:36:36.591884228-05:00
BTC-USD,98437.457682,1,ask,98442.825364,0.00005453,2024-12-11T06:37:38.391982625-05:00
BTC-USD,98334.79,1,ask,98347,0.00012417,2024-12-11T06:38:39.229895236-05:00
BTC-USD,98299.78,1,ask,98307.9,0.0000826,2024-12-11T06:39:40.059779897-05:00
BTC-USD,98256.44841,1,ask,98262.31682,0.00005973,2024-12-11T06:40:40.85751119-05:00
BTC-USD,98271.994864,1,ask,98279.409728,0.00007545,2024-12-11T06:41:41.687043133-05:00
BTC-USD,98248.545,1,ask,98266.92,0.00018703,2024-12-11T06:42:42.499936729-05:00
BTC-USD,98238.945,1,ask,98252.87,0.00014175,2024-12-11T06:43:43.317888787-05:00
BTC-USD,98232.685,1,ask,98251.26,0.00018909,2024-12-11T06:44:44.160705664-05:00
BTC-USD,98291.064354,1,ask,98294.258708,0.0000325,2024-12-11T06:45:45.000322724-05:00
BTC-USD,98215.085,1,ask,98231,0.00016204,2024-12-11T06:46:45.887969785-05:00
BTC-USD,98237.962624,1,ask,98239.945248,0.00002018,2024-12-11T06:47:46.788538161-05:00
BTC-USD,98248.797244,1,ask,98253.584488,0.00004873,2024-12-11T06:48:47.610201453-05:00
BTC-USD,98198.09,1,ask,98213,0.00015184,2024-12-11T06:49:48.435988964-05:00
BTC-USD,98300.475,1,ask,98308.95,0.00008622,2024-12-11T06:50:49.322845988-05:00
BTC-USD,98351.134458,1,ask,98351.968916,0.00000848,2024-12-11T06:51:50.139309057-05:00
BTC-USD,98338.08,1,ask,98354,0.00016189,2024-12-11T06:52:50.96480215-05:00
BTC-USD,98371.450794,1,ask,98373.821588,0.0000241,2024-12-11T06:53:51.77766016-05:00
BTC-USD,98400.148422,1,ask,98403.736844,0.00003647,2024-12-11T06:54:52.659106906-05:00
BTC-USD,98319.909336,1,ask,98324.738672,0.00004912,2024-12-11T06:55:53.478070588-05:00
BTC-USD,98369.5,1,ask,98391,0.00021856,2024-12-11T06:56:54.241688985-05:00
BTC-USD,98361.879174,1,ask,98365.678348,0.00003862,2024-12-11T06:57:55.101297879-05:00
BTC-USD,98389.26,1,ask,98400.37,0.00011292,2024-12-11T06:58:55.947171246-05:00
BTC-USD,98354.020268,1,ask,98356.860536,0.00002888,2024-12-11T06:59:56.829060015-05:00
BTC-USD,98449.65094181,1,ask,99013.35029722,0.00572576,2024-12-11T07:00:57.698798108-05:00
BTC-USD,98448.439180319726144,1,ask,98999.75688981,0.00560007,2024-12-11T07:01:58.533442004-05:00
BTC-USD,98466.022803721461674,1,ask,99018.92449993,0.00561515,2024-12-11T07:02:59.376190951-05:00
BTC-USD,98462.289151582094692,1,ask,99013.80307541,0.00560127,2024-12-11T07:04:00.276000066-05:00
BTC-USD,98472.724639018778622,1,ask,99025.456929812849016,0.00561305,2024-12-11T07:05:01.114609589-05:00
BTC-USD,98444.181578212837972,1,ask,98997.342937514580636,0.00561904,2024-12-11T07:06:02.012138362-05:00
BTC-USD,98474.399429345052764,1,ask,99027.280181366400024,0.00561446,2024-12-11T07:07:02.850947871-05:00
BTC-USD,98464.662109770047964,1,ask,99018.010539372671964,0.00561977,2024-12-11T07:08:03.6753742-05:00
BTC-USD,98434.760177644059306,1,ask,98987.36000016842118,0.00561387,2024-12-11T07:09:04.464229291-05:00
BTC-USD,98431.133154,1,ask,98436.766308,0.00005723,2024-12-11T07:10:05.253229508-05:00
BTC-USD,98403.33,1,ask,98418,0.00014908,2024-12-11T07:11:06.096639747-05:00
BTC-USD,98331.75,1,ask,98336,0.00004322,2024-12-11T07:12:06.958232888-05:00
BTC-USD,98319.91059,1,ask,98320.72118,0.00000824,2024-12-11T07:13:07.809482066-05:00
BTC-USD,98374.880904,1,ask,98376.991808,0.00002146,2024-12-11T07:14:08.61327203-05:00
BTC-USD,98337.34,1,ask,98358,0.00021009,2024-12-11T07:15:09.419236329-05:00
BTC-USD,98311.986356,1,ask,98319.942712,0.00008093,2024-12-11T07:16:10.298331119-05:00
BTC-USD,98380.871498,1,ask,98385.712996,0.00004921,2024-12-11T07:17:11.114792557-05:00
BTC-USD,98452.130474,1,ask,98454.010948,0.0000191,2024-12-11T07:18:11.907717832-05:00
BTC-USD,98412.325,1,ask,98428,0.00015928,2024-12-11T07:19:12.738731378-05:00
BTC-USD,98404.944278,1,ask,98410.888556,0.00006041,2024-12-11T07:20:13.616173161-05:00
BTC-USD,98447.536364,1,ask,98453.972728,0.00006538,2024-12-11T07:21:14.407300276-05:00
BTC-USD,98455.609544,1,ask,98460.649088,0.00005119,2024-12-11T07:22:15.275005689-05:00
BTC-USD,98453.73193,1,ask,98462.078688,0.00008478,2024-12-11T07:23:16.138539663-05:00
BTC-USD,98445.845312,1,ask,98450.870624,0.00005105,2024-12-11T07:24:16.908884027-05:00
BTC-USD,98438.501212,1,ask,98446.112424,0.00007732,2024-12-11T07:25:17.94951206-05:00
BTC-USD,98444.911122,1,ask,98446.252244,0.00001362,2024-12-11T07:26:18.703891471-05:00
BTC-USD,98420.018622,1,ask,98426.467244,0.00006552,2024-12-11T07:27:19.490887956-05:00
BTC-USD,98335.33,1,ask,98348,0.00012884,2024-12-11T07:28:20.329261663-05:00
BTC-USD,98406.536384,1,ask,98409.172768,0.00002679,2024-12-11T07:29:21.149844191-05:00
BTC-USD,98400.345206,1,ask,98402.070412,0.00001753,2024-12-11T07:30:21.998982297-05:00
BTC-USD,98406.574004,1,ask,98411.948008,0.00005461,2024-12-11T07:31:22.812739927-05:00
BTC-USD,98388.785,1,ask,98400.41,0.00011815,2024-12-11T07:32:23.601168787-05:00
BTC-USD,98452.375084,1,ask,98456.850168,0.00004545,2024-12-11T07:33:24.370108299-05:00
BTC-USD,98445.901964,1,ask,98450.703928,0.00004878,2024-12-11T07:34:25.15151082-05:00
BTC-USD,98451.735838,1,ask,98455.961676,0.00004292,2024-12-11T07:35:25.902622185-05:00
BTC-USD,98457.143904,1,ask,98461.087808,0.00004006,2024-12-11T07:36:26.695411827-05:00
BTC-USD,98534.33617,1,ask,98536.77234,0.00002472,2024-12-11T07:37:27.521514824-05:00
BTC-USD,98491.965,1,ask,98504.78,0.00013011,2024-12-11T07:38:28.321299188-05:00
BTC-USD,98521.208216,1,ask,98523.076432,0.00001896,2024-12-11T07:39:29.138397344-05:00
BTC-USD,98545.443148,1,ask,98551.816296,0.00006467,2024-12-11T07:40:29.968698208-05:00
BTC-USD,98488.170784,1,ask,98492.441568,0.00004336,2024-12-11T07:41:30.75926592-05:00
BTC-USD,98469.768098,1,ask,98473.626196,0.00003918,2024-12-11T07:42:31.558735193-05:00
BTC-USD,98438,1,ask,98456,0.00018286,2024-12-11T07:43:32.371810475-05:00
BTC-USD,98397.569938,1,ask,98399.139876,0.00001596,2024-12-11T07:44:33.172912516-05:00
BTC-USD,98408.94331,1,ask,98424.11874,0.00015421,2024-12-11T07:45:33.998826377-05:00
BTC-USD,98388.365,1,ask,98402.23,0.00014092,2024-12-11T07:46:34.775681744-05:00
BTC-USD,98380.33,1,ask,98396,0.00015928,2024-12-11T07:47:35.58477606-05:00
BTC-USD,98324.312668,1,ask,98328.625336,0.00004386,2024-12-11T07:48:36.420860988-05:00
BTC-USD,98360.88605,1,ask,98365.6921,0.00004886,2024-12-11T07:49:37.302396911-05:00
BTC-USD,98337.531006,1,ask,98340.482012,0.00003001,2024-12-11T07:50:38.174211203-05:00
BTC-USD,98248.158804,1,ask,98253.207608,0.00005139,2024-12-11T07:51:38.928989511-05:00
BTC-USD,98246.845412,1,ask,98250.290824,0.00003507,2024-12-11T07:52:39.801597261-05:00
BTC-USD,98232.810462,1,ask,98236.970924,0.00004235,2024-12-11T07:53:40.594767718-05:00
BTC-USD,98288.809128,1,ask,98292.328256,0.0000358,2024-12-11T07:54:41.3827718-05:00
BTC-USD,98297.273598,1,ask,98300.477196,0.00003259,2024-12-11T07:55:42.178545938-05:00
BTC-USD,98332.542826,1,ask,98337.005652,0.00004539,2024-12-11T07:56:42.969901952-05:00
BTC-USD,98348.943972,1,ask,98351.387944,0.00002485,2024-12-11T07:57:43.791103614-05:00
BTC-USD,98319.137988,1,ask,98323.465976,0.00004402,2024-12-11T07:58:44.603957036-05:00
BTC-USD,98317.857988,1,ask,98322.965976,0.00005195,2024-12-11T07:59:45.482292217-05:00
BTC-USD,98350.568474,1,ask,98359.246948,0.00008824,2024-12-11T08:00:46.361879014-05:00
BTC-USD,98416.257978,1,ask,98423.415956,0.00007273,2024-12-11T08:01:47.227514845-05:00
BTC-USD,98270.96923,1,ask,98276.85846,0.00005993,2024-12-11T08:02:48.102959773-05:00
BTC-USD,98251.225,1,ask,98262.45,0.00011425,2024-12-11T08:03:48.94893089-05:00
BTC-USD,98238.530854,1,ask,98240.961708,0.00002474,2024-12-11T08:04:49.852657215-05:00
BTC-USD,98316.71,1,ask,98331,0.00014535,2024-12-11T08:05:50.745633245-05:00
BTC-USD,98325.725,1,ask,98336,0.0001045,2024-12-11T08:06:51.543372252-05:00
BTC-USD,98329,1,ask,98352,0.00023391,2024-12-11T08:07:52.389113173-05:00
BTC-USD,98345,1,ask,98354.84,0.00010006,2024-12-11T08:08:53.232768531-05:00
BTC-USD,98301.45,1,ask,98313,0.0001175,2024-12-11T08:09:54.06333914-05:00
BTC-USD,98320.337786,1,ask,98324.515572,0.00004249,2024-12-11T08:10:54.953664439-05:00
BTC-USD,98299.35,1,ask,98318,0.00018973,2024-12-11T08:11:55.794844377-05:00
BTC-USD,98297.43946,1,ask,98299.79892,0.000024,2024-12-11T08:12:56.599379226-05:00
BTC-USD,98290.513638,1,ask,98296.807276,0.00006403,2024-12-11T08:13:57.375268196-05:00
BTC-USD,98270.302392,1,ask,98275.504784,0.00005294,2024-12-11T08:14:58.227420241-05:00
BTC-USD,98158.915,1,ask,98169,0.00010274,2024-12-11T08:15:59.105153369-05:00
BTC-USD,98194.775,1,ask,98207.3,0.00012755,2024-12-11T08:17:00.002075082-05:00
BTC-USD,98206.155,1,ask,98223.31,0.00017468,2024-12-11T08:18:00.862408434-05:00
BTC-USD,98250.239298,1,ask,98251.568596,0.00001353,2024-12-11T08:19:01.692711116-05:00
BTC-USD,98227.585,1,ask,98238,0.00010603,2024-12-11T08:20:02.544860331-05:00
BTC-USD,98250.858352,1,ask,98261.016704,0.00010339,2024-12-11T08:21:03.407872462-05:00
BTC-USD,98307.441764,1,ask,98310.473528,0.00003084,2024-12-11T08:22:04.137133778-05:00
BTC-USD,98354.943912,1,ask,98360.257824,0.00005403,2024-12-11T08:23:05.006236118-05:00
BTC-USD,98396.258118,1,ask,98398.316236,0.00002092,2024-12-11T08:24:05.856766606-05:00
BTC-USD,98410.567458,1,ask,98414.064916,0.00003554,2024-12-11T08:25:06.732008517-05:00
BTC-USD,98387.33,1,ask,98400,0.00012878,2024-12-11T08:26:07.594672613-05:00
BTC-USD,98364.505,1,ask,98385,0.00020836,2024-12-11T08:27:08.426649201-05:00
BTC-USD,98346.585,1,ask,98346.59,0.00000005,2024-12-11T08:28:09.250979134-05:00
BTC-USD,98360.373328,1,ask,98364.946656,0.0000465,2024-12-11T08:29:10.042418247-05:00
BTC-USD,98686.845,1,ask,98702,0.00015357,2024-12-11T08:30:10.903737014-05:00
BTC-USD,98686,1,ask,98714,0.00028373,2024-12-11T08:31:11.71507949-05:00
BTC-USD,98764,1,ask,98786,0.00022275,2024-12-11T08:32:12.648210729-05:00
BTC-USD,98838.47,1,ask,98854.83,0.00016552,2024-12-11T08:33:13.464663145-05:00
BTC-USD,98886.406804,1,ask,98890.963608,0.00004608,2024-12-11T08:34:14.3177088-05:00
BTC-USD,98831.663288,1,ask,98843.608892,0.00012087,2024-12-11T08:35:15.19558958-05:00
BTC-USD,98825.585,1,ask,98845,0.00019646,2024-12-11T08:36:16.050013645-05:00
BTC-USD,98859.56,1,ask,98881,0.00021687,2024-12-11T08:37:16.937533635-05:00
BTC-USD,98788.994882,1,ask,98790.989764,0.00002019,2024-12-11T08:38:17.747389227-05:00
BTC-USD,98712.5,1,ask,98739,0.00026846,2024-12-11T08:39:18.638761729-05:00
BTC-USD,98442.225,1,ask,98461,0.00019072,2024-12-11T08:40:19.501065021-05:00
BTC-USD,98322.58,1,ask,98338,0.00015683,2024-12-11T08:41:20.355094767-05:00
BTC-USD,98541.74,1,ask,98554.21,0.00012655,2024-12-11T08:42:21.188468663-05:00
BTC-USD,98701.444018,1,ask,98704.158036,0.0000275,2024-12-11T08:43:22.017627494-05:00
BTC-USD,98696.615,1,ask,98715,0.00018628,2024-12-11T08:44:22.824872531-05:00
BTC-USD,98621.228952,1,ask,98632.682924,0.00011614,2024-12-11T08:45:23.650904828-05:00
BTC-USD,98665.695,1,ask,98682.39,0.00016921,2024-12-11T08:46:24.441511642-05:00
BTC-USD,98633.58,1,ask,98653.16,0.00019851,2024-12-11T08:47:25.300278436-05:00
BTC-USD,98653.56167,1,ask,98655.84,0.00002309,2024-12-11T08:48:26.100861573-05:00
BTC-USD,98704,1,ask,98732,0.00028368,2024-12-11T08:49:26.85469797-05:00
BTC-USD,98616.19,1,ask,98639,0.0002313,2024-12-11T08:50:27.705978392-05:00
BTC-USD,98577.43,1,ask,98596.86,0.0001971,2024-12-11T08:51:28.48907964-05:00
BTC-USD,98535.43,1,ask,98550.86,0.00015659,2024-12-11T08:52:29.283155743-05:00
BTC-USD,98544.32104,1,ask,98549.43,0.00005184,2024-12-11T08:53:30.136961568-05:00
BTC-USD,98634.99,1,ask,98653.98,0.00019253,2024-12-11T08:54:30.942442337-05:00
BTC-USD,98632.280632,1,ask,98640.418568,0.00008251,2024-12-11T08:55:31.683949152-05:00
BTC-USD,98715.905,1,ask,98726.81,0.00011047,2024-12-11T08:56:32.451296846-05:00
BTC-USD,98743.19742,1,ask,98745.22,0.00002048,2024-12-11T08:57:33.291791607-05:00
BTC-USD,98754.94,1,ask,98770.88,0.00016141,2024-12-11T08:58:34.071291064-05:00
BTC-USD,98769.135,1,ask,98782.27,0.00013299,2024-12-11T08:59:35.368011546-05:00
BTC-USD,98815.94,1,ask,98833.95,0.00018226,2024-12-11T09:00:43.48754096-05:00
BTC-USD,98808.76023,1,ask,98815.56,0.00006882,2024-12-11T09:01:44.296846472-05:00
BTC-USD,98830.445,1,ask,98846.89,0.0001664,2024-12-11T09:02:45.102494901-05:00
BTC-USD,98836.545,1,ask,98843.09,0.00006622,2024-12-11T09:03:45.9136541-05:00
BTC-USD,98732.038546,1,ask,98733.977092,0.00001963,2024-12-11T09:04:46.773308638-05:00
BTC-USD,98842.945,1,ask,98856.89,0.00014108,2024-12-11T09:05:47.567372583-05:00
BTC-USD,98801.515,1,ask,98801.52,0.00000005,2024-12-11T09:06:48.378595143-05:00
BTC-USD,98757.885,1,ask,98774.77,0.00017097,2024-12-11T09:07:49.231079246-05:00
BTC-USD,98663.990596,1,ask,98667.1,0.00003152,2024-12-11T09:08:50.037639978-05:00
BTC-USD,98673.305,1,ask,98688.61,0.00015511,2024-12-11T09:09:50.8552899-05:00
BTC-USD,98575.778886,1,ask,98578.64,0.00002902,2024-12-11T09:10:51.753382066-05:00
BTC-USD,98570.942322,1,ask,98572.88,0.00001966,2024-12-11T09:11:52.566573668-05:00
BTC-USD,98560.772438,1,ask,98564.32,0.00003599,2024-12-11T09:12:53.346498275-05:00
BTC-USD,98516.18,1,ask,98530.36,0.00014394,2024-12-11T09:13:54.174872829-05:00
BTC-USD,98652.335,1,ask,98669.2,0.00017095,2024-12-11T09:14:55.059168645-05:00
BTC-USD,98546.858892,1,ask,98550.93,0.00004131,2024-12-11T09:15:55.849924014-05:00
BTC-USD,98535.24989,1,ask,98546.6344,0.00011554,2024-12-11T09:16:56.708347307-05:00
BTC-USD,98422.406618,1,ask,98423.38,0.00000989,2024-12-11T09:17:57.588249392-05:00
BTC-USD,98502.206144,1,ask,98506,0.00003852,2024-12-11T09:18:58.414536389-05:00
BTC-USD,98527.465,1,ask,98538.93,0.00011636,2024-12-11T09:19:59.247765888-05:00
BTC-USD,98550.739804,1,ask,98572.043052,0.00021617,2024-12-11T09:21:00.075831701-05:00
BTC-USD,98664,1,ask,98685,0.00021284,2024-12-11T09:22:00.847617491-05:00
BTC-USD,98806,1,ask,98825,0.0001923,2024-12-11T09:23:01.706707112-05:00
BTC-USD,98775.668464,1,ask,98780.07,0.00004456,2024-12-11T09:24:02.440561844-05:00
BTC-USD,98819.445,1,ask,98836.2,0.00016955,2024-12-11T09:25:03.269764099-05:00
BTC-USD,98862.183354,1,ask,98867.5,0.00005378,2024-12-11T09:26:04.103959359-05:00
BTC-USD,98828.4812,1,ask,98832.95,0.00004522,2024-12-11T09:27:04.952577035-05:00
BTC-USD,98692.255,1,ask,98692.26,0.00000005,2024-12-11T09:28:05.825788884-05:00
BTC-USD,98769.575,1,ask,98789.15,0.00019819,2024-12-11T09:29:06.653005249-05:00
BTC-USD,98744.22718,1,ask,98749.83,0.00005674,2024-12-11T09:30:07.48992598-05:00
BTC-USD,98650.165,1,ask,98665.2,0.00015241,2024-12-11T09:31:08.326145571-05:00
BTC-USD,98660,1,ask,98678,0.00018244,2024-12-11T09:32:09.223917805-05:00
BTC-USD,98614.145,1,ask,98621.29,0.00007245,2024-12-11T09:33:10.036994331-05:00
BTC-USD,98889.78,1,ask,98897.56,0.00007867,2024-12-11T09:34:10.895426811-05:00
BTC-USD,98923.5,1,ask,98937,0.00013647,2024-12-11T09:35:11.747810894-05:00
BTC-USD,98985.35,1,ask,99003.7,0.00018538,2024-12-11T09:36:12.534989133-05:00
BTC-USD,99018.205,1,ask,99029.41,0.00011316,2024-12-11T09:37:13.421423008-05:00
BTC-USD,98983.284762,1,ask,98995.655524,0.00012498,2024-12-11T09:38:14.282270617-05:00
BTC-USD,98901.31006,1,ask,98910.3,0.0000909,2024-12-11T09:39:15.107993684-05:00
BTC-USD,98834.955,1,ask,98855.91,0.00021202,2024-12-11T09:40:15.974517104-05:00
BTC-USD,98994,1,ask,99014,0.00020203,2024-12-11T09:41:16.841105927-05:00
BTC-USD,98818.301548,1,ask,98836.572356,0.00018489,2024-12-11T09:42:17.700022262-05:00
BTC-USD,98919.971398,1,ask,98935.211596,0.00015407,2024-12-11T09:43:18.566485097-05:00
BTC-USD,99009.5,1,ask,99034,0.00024745,2024-12-11T09:44:19.432231707-05:00
BTC-USD,99109.868342,1,ask,99118.435148,0.00008644,2024-12-11T09:45:20.29599226-05:00
BTC-USD,99082.786888,1,ask,99084.9,0.00002133,2024-12-11T09:46:21.111816462-05:00
BTC-USD,99230.245,1,ask,99248.49,0.00018387,2024-12-11T09:47:21.989344318-05:00
BTC-USD,99325.680058,1,ask,99336.8629,0.00011259,2024-12-11T09:48:22.84611693-05:00
BTC-USD,99348.58,1,ask,99361.16,0.00012662,2024-12-11T09:49:23.657268182-05:00
BTC-USD,99442,1,ask,99462,0.00020112,2024-12-11T09:50:24.553994744-05:00
BTC-USD,99510.143456,1,ask,99524.086,0.00014011,2024-12-11T09:51:25.392785339-05:00
BTC-USD,99442.55131,1,ask,99465.00582,0.0002258,2024-12-11T09:52:26.234359823-05:00
BTC-USD,99508.33,1,ask,99512.66,0.00004351,2024-12-11T09:53:27.077866068-05:00
BTC-USD,99431.4228,1,ask,99432.48,0.00001063,2024-12-11T09:54:27.911233633-05:00
BTC-USD,99458.625,1,ask,99485.25,0.0002677,2024-12-11T09:55:28.743954538-05:00
BTC-USD,99332.5,1,ask,99359,0.00026678,2024-12-11T09:56:29.585978233-05:00
BTC-USD,99502.302562,1,ask,99513.277368,0.0001103,2024-12-11T09:57:30.447988616-05:00
BTC-USD,99517.75,1,ask,99571.5,0.0005401,2024-12-11T09:58:31.328896751-05:00
BTC-USD,99651.985,1,ask,99657.97,0.00006006,2024-12-11T09:59:32.116517161-05:00
BTC-USD,99670.235,1,ask,99681.47,0.00011272,2024-12-11T10:00:32.97016139-05:00
BTC-USD,99612.821854,1,ask,99624.729708,0.00011954,2024-12-11T10:01:33.820428234-05:00
BTC-USD,99559.5457,1,ask,99570.5376,0.00011041,2024-12-11T10:02:34.68516589-05:00
BTC-USD,99552.73,1,ask,99569.46,0.00016805,2024-12-11T10:03:35.549153846-05:00
BTC-USD,99559.60158,1,ask,99573.20316,0.00013662,2024-12-11T10:04:36.374192532-05:00
BTC-USD,99736.25,1,ask,99754.5,0.00018298,2024-12-11T10:05:37.240605127-05:00
BTC-USD,99763,1,ask,99773,0.00010024,2024-12-11T10:06:38.155971624-05:00
BTC-USD,99802.324954,1,ask,99811.735908,0.0000943,2024-12-11T10:07:39.021871142-05:00
BTC-USD,99801.5,1,ask,99817,0.00015531,2024-12-11T10:08:39.899864823-05:00
BTC-USD,99871.995,1,ask,99885.99,0.00014013,2024-12-11T10:09:40.749117226-05:00
BTC-USD,99808.831942,1,ask,99810.1,0.0000127,2024-12-11T10:10:41.550054302-05:00
BTC-USD,99957.81,1,ask,99977.62,0.00019818,2024-12-11T10:11:42.448877009-05:00
BTC-USD,100026,1,ask,100038,0.00011997,2024-12-11T10:12:43.31435985-05:00
BTC-USD,100017.572516,1,ask,100026.231032,0.00008657,2024-12-11T10:13:44.096864077-05:00
BTC-USD,99974.597958,1,ask,99985.5616,0.00010966,2024-12-11T10:14:44.928660371-05:00
BTC-USD,100078.7792,1,ask,100080.01,0.0000123,2024-12-11T10:15:45.78028089-05:00
BTC-USD,99934.42071,1,ask,99937.9,0.00003482,2024-12-11T10:16:46.608093714-05:00
BTC-USD,99856.743286,1,ask,99861.93,0.00005194,2024-12-11T10:17:47.407392082-05:00
BTC-USD,100053.125,1,ask,100073.75,0.00020614,2024-12-11T10:18:48.255861975-05:00
BTC-USD,100124.085,1,ask,100131.6,0.00007506,2024-12-11T10:19:49.104887552-05:00
BTC-USD,100158,1,ask,100172,0.00013978,2024-12-11T10:20:49.937599858-05:00
BTC-USD,100517,1,ask,100543,0.00025866,2024-12-11T10:21:50.757135632-05:00
BTC-USD,100421.36768,1,ask,100440.55256,0.00019104,2024-12-11T10:22:51.630908873-05:00
BTC-USD,100580.94,1,ask,100606.88,0.0002579,2024-12-11T10:23:52.503719409-05:00
BTC-USD,100651.1114,1,ask,100661.04,0.00009864,2024-12-11T10:24:53.329619372-05:00
BTC-USD,100576.936432,1,ask,100587,0.00010006,2024-12-11T10:25:54.124278855-05:00
BTC-USD,100650.5,1,ask,100676,0.00025335,2024-12-11T10:26:54.937828413-05:00
BTC-USD,100854.39,1,ask,100878.78,0.00024183,2024-12-11T10:27:55.826510121-05:00
BTC-USD,100632.065894,1,ask,100638.49,0.00006384,2024-12-11T10:28:56.661252882-05:00
BTC-USD,100585.26,1,ask,100608,0.00022608,2024-12-11T10:29:57.493642826-05:00
BTC-USD,100543.675816,1,ask,100548.54,0.00004838,2024-12-11T10:30:58.303651472-05:00
BTC-USD,100418.5,1,ask,100443,0.00024398,2024-12-11T10:32:02.238503644-05:00
BTC-USD,100331.75,1,ask,100352,0.00020183,2024-12-11T10:33:03.061818972-05:00
BTC-USD,100557.5,1,ask,100576,0.00018397,2024-12-11T10:34:03.902191633-05:00
BTC-USD,100634.895,1,ask,100656,0.00020972,2024-12-11T10:35:04.752144883-05:00
BTC-USD,100602,1,ask,100635,0.00032803,2024-12-11T10:36:05.558923022-05:00
BTC-USD,100462.701854,1,ask,100484,0.000212,2024-12-11T10:37:06.423835857-05:00
BTC-USD,100365.316362,1,ask,100375.058484,0.00009707,2024-12-11T10:38:07.244000409-05:00
BTC-USD,100401.135,1,ask,100414.27,0.00013083,2024-12-11T10:39:08.098692726-05:00
BTC-USD,100439.847244,1,ask,100458.984912,0.00019054,2024-12-11T10:40:08.931633168-05:00
BTC-USD,100448,1,ask,100472,0.00023893,2024-12-11T10:41:09.788829053-05:00
BTC-USD,100245.724224,1,ask,100253,0.00007258,2024-12-11T10:42:10.585250417-05:00
BTC-USD,100275,1,ask,100299,0.00023934,2024-12-11T10:43:11.443400849-05:00
BTC-USD,100293.515,1,ask,100305.03,0.00011481,2024-12-11T10:44:12.268575657-05:00
BTC-USD,100412.775,1,ask,100417.55,0.00004755,2024-12-11T10:45:13.051654443-05:00
BTC-USD,100429,1,ask,100446,0.00016927,2024-12-11T10:46:13.925295783-05:00
BTC-USD,100363.255,1,ask,100383,0.00019674,2024-12-11T10:47:14.801557854-05:00
BTC-USD,100410.5,1,ask,100434,0.00023404,2024-12-11T10:48:15.601296723-05:00
BTC-USD,100303.6955,1,ask,100310.52,0.00006804,2024-12-11T10:49:16.428299714-05:00
BTC-USD,100464,1,ask,100476,0.00011945,2024-12-11T10:50:17.207860061-05:00
BTC-USD,100577.212048,1,ask,100594.5376,0.00017226,2024-12-11T10:51:18.007210444-05:00
BTC-USD,100640,1,ask,100658,0.00017886,2024-12-11T10:52:18.814414799-05:00
BTC-USD,100526.219216,1,ask,100536.53,0.00010257,2024-12-11T10:53:19.576593226-05:00
BTC-USD,100460.49813,1,ask,100468,0.00007467,2024-12-11T10:54:20.405217619-05:00
BTC-USD,100570.5,1,ask,100584,0.00013423,2024-12-11T10:55:21.182197569-05:00
BTC-USD,100457,1,ask,100483,0.00025882,2024-12-11T10:56:22.045666648-05:00
BTC-USD,100440.294088,1,ask,100441.53,0.0000123,2024-12-11T10:57:22.901018684-05:00
BTC-USD,100431.146128,1,ask,100446.9032,0.00015689,2024-12-11T10:58:23.773941106-05:00
BTC-USD,100504,1,ask,100526,0.0002189,2024-12-11T10:59:24.626530743-05:00
BTC-USD,100586,1,ask,100614,0.00027837,2024-12-11T11:00:25.404063489-05:00
BTC-USD,100596.194102,1,ask,100605.03,0.00008784,2024-12-11T11:01:26.275226397-05:00
BTC-USD,100652.5,1,ask,100671,0.0001838,2024-12-11T11:02:27.123120802-05:00
BTC-USD,100624.5,1,ask,100644,0.00019379,2024-12-11T11:03:27.984684508-05:00
BTC-USD,100568.319816,1,ask,100582,0.00013603,2024-12-11T11:04:28.843250782-05:00
BTC-USD,100665.75,1,ask,100683,0.00017136,2024-12-11T11:05:29.693978328-05:00
BTC-USD,100703.83001,1,ask,100710.04,0.00006167,2024-12-11T11:06:30.525124456-05:00
BTC-USD,100721,1,ask,100734,0.00012907,2024-12-11T11:07:31.381580244-05:00
BTC-USD,100798.75,1,ask,100820,0.00021082,2024-12-11T11:08:32.176009991-05:00
BTC-USD,100709.36269,1,ask,100715,0.00005598,2024-12-11T11:09:33.12596358-05:00
BTC-USD,100739.969908,1,ask,100749.2,0.00009162,2024-12-11T11:10:34.012506384-05:00
BTC-USD,100674.244798,1,ask,100682.2688,0.0000797,2024-12-11T11:11:34.830718499-05:00
BTC-USD,100628.5,1,ask,100657,0.00028322,2024-12-11T11:12:35.670087761-05:00
BTC-USD,100645.5,1,ask,100668,0.00022356,2024-12-11T11:13:36.483493161-05:00
BTC-USD,100708.5,1,ask,100730,0.00021349,2024-12-11T11:14:37.361248668-05:00
BTC-USD,100792.722276,1,ask,100809.6344,0.00016779,2024-12-11T11:15:38.170231221-05:00
BTC-USD,100675.574092,1,ask,100680.04,0.00004436,2024-12-11T11:16:38.959492155-05:00
BTC-USD,100682.285,1,ask,100695.57,0.00013195,2024-12-11T11:17:39.782783317-05:00
BTC-USD,100692.5,1,ask,100720,0.00027311,2024-12-11T11:18:40.674919834-05:00
BTC-USD,100794.5,1,ask,100821,0.00026291,2024-12-11T11:19:41.555022585-05:00
BTC-USD,100930.5,1,ask,100947,0.00016348,2024-12-11T11:20:42.398433831-05:00
BTC-USD,101026.955446,1,ask,101033.56,0.00006537,2024-12-11T11:21:43.280177161-05:00
BTC-USD,101015.029164,1,ask,101021,0.00005911,2024-12-11T11:22:44.087131037-05:00
BTC-USD,101166.5,1,ask,101188,0.00021252,2024-12-11T11:23:44.878133286-05:00
BTC-USD,101077.255,1,ask,101094.51,0.00017071,2024-12-11T11:24:45.768830247-05:00
BTC-USD,101053.486774,1,ask,101068.134028,0.00014495,2024-12-11T11:25:46.596299583-05:00
BTC-USD,101118.86,1,ask,101131.72,0.00012718,2024-12-11T11:26:47.421663411-05:00
BTC-USD,101100.972108,1,ask,101103.11,0.00002115,2024-12-11T11:27:48.254749042-05:00
BTC-USD,101096.31,1,ask,101110.62,0.00014155,2024-12-11T11:28:49.110878416-05:00
BTC-USD,101193.31,1,ask,101206.62,0.00013153,2024-12-11T11:29:49.965773421-05:00
BTC-USD,101140.288234,1,ask,101150,0.00009602,2024-12-11T11:30:50.773701896-05:00
BTC-USD,101100.5,1,ask,101110,0.00009397,2024-12-11T11:31:51.569864371-05:00
BTC-USD,100924.271892,1,ask,100928.05,0.00003744,2024-12-11T11:32:52.38149895-05:00
BTC-USD,100830.768128,1,ask,100833.05,0.00002263,2024-12-11T11:33:53.175235283-05:00
BTC-USD,100878.045,1,ask,100878.05,0.00000005,2024-12-11T11:34:53.977270037-05:00
BTC-USD,100851.8906,1,ask,100861.05,0.00009082,2024-12-11T11:35:54.819906347-05:00
BTC-USD,100899.880924,1,ask,100913.998172,0.00013991,2024-12-11T11:36:55.646226556-05:00
BTC-USD,100744.478928,1,ask,100757.6344,0.00013058,2024-12-11T11:37:56.447505403-05:00
BTC-USD,100855.5,1,ask,100872,0.0001636,2024-12-11T11:38:57.308420935-05:00
BTC-USD,100804.083464,1,ask,100819.05,0.00014847,2024-12-11T11:39:58.13947735-05:00
BTC-USD,100675.77,1,ask,100681.54,0.00005731,2024-12-11T11:40:58.942460521-05:00
BTC-USD,100576.495556,1,ask,100589.53,0.0001296,2024-12-11T11:41:59.820074354-05:00
BTC-USD,100504.5392,1,ask,100512.53,0.00007951,2024-12-11T11:43:00.64287769-05:00
BTC-USD,100525.7189,1,ask,100541.03,0.00015231,2024-12-11T11:44:01.488155024-05:00
BTC-USD,100630.5,1,ask,100646,0.00015403,2024-12-11T11:45:02.294426143-05:00
BTC-USD,100521.076112,1,ask,100542,0.00020815,2024-12-11T11:46:03.162966213-05:00
BTC-USD,100573.7,1,ask,100593.4,0.00019588,2024-12-11T11:47:03.913315535-05:00
BTC-USD,100586.25,1,ask,100604,0.00017647,2024-12-11T11:48:04.746157484-05:00
BTC-USD,100540.1978,1,ask,100544.03,0.00003812,2024-12-11T11:49:05.585082556-05:00
BTC-USD,100514.012216,1,ask,100522.03,0.00007977,2024-12-11T11:50:06.31291218-05:00
BTC-USD,100544.5,1,ask,100565,0.00020389,2024-12-11T11:51:07.092683868-05:00
BTC-USD,100511,1,ask,100536,0.00024873,2024-12-11T11:52:07.885367215-05:00
BTC-USD,100533,1,ask,100554,0.00020889,2024-12-11T11:53:08.709666394-05:00
BTC-USD,100659.356352,1,ask,100666.04,0.0000664,2024-12-11T11:54:09.558493148-05:00
BTC-USD,100763.5,1,ask,100791,0.00027292,2024-12-11T11:55:10.393903031-05:00
BTC-USD,100797.93109,1,ask,100810.05,0.00012023,2024-12-11T11:56:11.24452294-05:00
BTC-USD,100714.47,1,ask,100739.94,0.00025289,2024-12-11T11:57:12.092284563-05:00
BTC-USD,100683.535,1,ask,100705.07,0.00021389,2024-12-11T11:58:12.904821121-05:00
BTC-USD,100663.8856,1,ask,100671.04,0.00007107,2024-12-11T11:59:13.772119412-05:00
BTC-USD,100671.4528,1,ask,100674.54,0.00003067,2024-12-11T12:00:14.603539119-05:00
BTC-USD,100726.115,1,ask,100744.23,0.00017984,2024-12-11T12:01:15.435543477-05:00
BTC-USD,100711.706254,1,ask,100722.04,0.00010261,2024-12-11T12:02:16.311616211-05:00
BTC-USD,100794.5,1,ask,100816,0.00021331,2024-12-11T12:03:17.099809389-05:00
BTC-USD,100770.707586,1,ask,100776.04,0.00005292,2024-12-11T12:04:17.941673609-05:00
BTC-USD,100856.915,1,ask,100874.4,0.00017336,2024-12-11T12:05:18.843233064-05:00
BTC-USD,100891.5,1,ask,100917,0.00025275,2024-12-11T12:06:19.674994392-05:00
BTC-USD,100941.5,1,ask,100966,0.00024271,2024-12-11T12:07:20.502788379-05:00
BTC-USD,100977,1,ask,100998,0.00020797,2024-12-11T12:08:21.351645266-05:00
BTC-USD,100951,1,ask,100973,0.00021793,2024-12-11T12:09:22.145412769-05:00
BTC-USD,100942.24436,1,ask,100949.05,0.00006742,2024-12-11T12:10:23.017464891-05:00
BTC-USD,100999.5,1,ask,101024,0.00024258,2024-12-11T12:11:23.824389981-05:00
BTC-USD,100990.5,1,ask,101018,0.0002723,2024-12-11T12:12:24.657494708-05:00
BTC-USD,101097,1,ask,101120,0.0002275,2024-12-11T12:13:25.480723769-05:00
BTC-USD,101009.642656,1,ask,101014.56,0.00004868,2024-12-11T12:14:26.329366922-05:00
BTC-USD,100907.46625,1,ask,100914.6344,0.00007104,2024-12-11T12:15:27.140477747-05:00
BTC-USD,100980.44,1,ask,101004,0.00023331,2024-12-11T12:16:27.961215535-05:00
BTC-USD,100949,1,ask,100974,0.00024765,2024-12-11T12:17:28.77097123-05:00
BTC-USD,100926.57,1,ask,100950.14,0.00023354,2024-12-11T12:18:29.553500144-05:00
BTC-USD,100820.511948,1,ask,100828.55,0.00007973,2024-12-11T12:19:30.335782464-05:00
BTC-USD,100937.075,1,ask,100946.15,0.00008991,2024-12-11T12:20:31.164585598-05:00
BTC-USD,100866.653456,1,ask,100875.55,0.0000882,2024-12-11T12:21:31.972375975-05:00
BTC-USD,100873.5,1,ask,100895,0.00021314,2024-12-11T12:22:32.811445354-05:00
BTC-USD,100863.5,1,ask,100882,0.00018342,2024-12-11T12:23:33.639644004-05:00
BTC-USD,100831.067816,1,ask,100847.05,0.0001585,2024-12-11T12:24:34.472598623-05:00
BTC-USD,100758.878288,1,ask,100768.04,0.00009093,2024-12-11T12:25:35.2914721-05:00
BTC-USD,100715.542044,1,ask,100723.54,0.00007941,2024-12-11T12:26:36.062346634-05:00
BTC-USD,100758.5,1,ask,100784,0.00025308,2024-12-11T12:27:36.847240782-05:00
BTC-USD,100700.766888,1,ask,100712.2688,0.00011422,2024-12-11T12:28:37.716765351-05:00
BTC-USD,100662.636102,1,ask,100677,0.00014269,2024-12-11T12:29:38.54981288-05:00
BTC-USD,100677.57891,1,ask,100685,0.00007371,2024-12-11T12:30:39.397839174-05:00
BTC-USD,100613.973302,1,ask,100626.04,0.00011993,2024-12-11T12:31:40.171617446-05:00
BTC-USD,100624,1,ask,100648,0.00023851,2024-12-11T12:32:41.010721243-05:00
BTC-USD,100627.56,1,ask,100650,0.000223,2024-12-11T12:33:41.805706311-05:00
BTC-USD,100561.075,1,ask,100562.15,0.00001069,2024-12-11T12:34:42.617089734-05:00
BTC-USD,100601.5,1,ask,100623,0.00021371,2024-12-11T12:35:43.45834411-05:00
BTC-USD,100510.981258,1,ask,100518.916916,0.00007895,2024-12-11T12:36:44.326018922-05:00
BTC-USD,100522.145,1,ask,100540,0.00017762,2024-12-11T12:37:45.117814224-05:00
BTC-USD,100512.340546,1,ask,100519.03,0.00006655,2024-12-11T12:38:45.978999171-05:00
BTC-USD,100494.80665,1,ask,100508.81,0.00013934,2024-12-11T12:39:46.790279452-05:00
BTC-USD,100527.18,1,ask,100549.36,0.00022064,2024-12-11T12:40:47.665054513-05:00
BTC-USD,100575.5,1,ask,100602,0.00026348,2024-12-11T12:41:48.487124575-05:00
BTC-USD,100524.995,1,ask,100535.56,0.0001051,2024-12-11T12:42:49.262595085-05:00
BTC-USD,100454.42173,1,ask,100464.03,0.00009565,2024-12-11T12:43:50.121932904-05:00
BTC-USD,100376.18818,1,ask,100382,0.0000579,2024-12-11T12:44:50.945164775-05:00
BTC-USD,100427.721546,1,ask,100437.013716,0.00009253,2024-12-11T12:45:51.739750274-05:00
BTC-USD,100495.114168,1,ask,100500.55,0.00005409,2024-12-11T12:46:52.570597685-05:00
BTC-USD,100374.272396,1,ask,100382,0.00007699,2024-12-11T12:47:53.391784317-05:00
BTC-USD,100449.715,1,ask,100471.43,0.00021618,2024-12-11T12:48:54.229172387-05:00
BTC-USD,100476.5,1,ask,100497,0.00020403,2024-12-11T12:49:55.233851231-05:00
BTC-USD,100570.5,1,ask,100587,0.00016406,2024-12-11T12:50:56.030597069-05:00
BTC-USD,100474.315,1,ask,100491,0.00016606,2024-12-11T12:51:57.084488928-05:00
BTC-USD,100397.945,1,ask,100416,0.00017983,2024-12-11T12:52:57.888371882-05:00
BTC-USD,100389.41356,1,ask,100400.04,0.00010585,2024-12-11T12:53:58.645751532-05:00
BTC-USD,100366.483846,1,ask,100372.52,0.00006014,2024-12-11T12:54:59.487797382-05:00
BTC-USD,100252.5,1,ask,100268,0.00015461,2024-12-11T12:56:00.296168797-05:00
BTC-USD,100182.640686,1,ask,100201.098572,0.00018424,2024-12-11T12:57:01.116269706-05:00
BTC-USD,100035.733462,1,ask,100049.51,0.00013772,2024-12-11T12:58:01.981364234-05:00
BTC-USD,99955,1,ask,99989,0.00034015,2024-12-11T12:59:02.870642415-05:00
BTC-USD,99925.75,1,ask,99942.5,0.00016762,2024-12-11T13:00:03.755094306-05:00
BTC-USD,100031.942848,1,ask,100046.154496,0.00014207,2024-12-11T13:01:04.559458456-05:00
BTC-USD,99853.75,1,ask,99873.5,0.00019779,2024-12-11T13:02:05.385070032-05:00
BTC-USD,99806.5,1,ask,99837,0.00030559,2024-12-11T13:03:06.144982761-05:00
BTC-USD,99896,1,ask,99918,0.00022023,2024-12-11T13:04:06.936652931-05:00
BTC-USD,100010.8226,1,ask,100026,0.00015176,2024-12-11T13:05:07.779457565-05:00
BTC-USD,100085.5,1,ask,100106,0.00020482,2024-12-11T13:06:08.566219542-05:00
BTC-USD,100280.01,1,ask,100296.02,0.00015965,2024-12-11T13:07:09.410635915-05:00
BTC-USD,100131.830628,1,ask,100141.51,0.00009667,2024-12-11T13:08:10.199339793-05:00
BTC-USD,100097.410032,1,ask,100104,0.00006584,2024-12-11T13:09:10.986828894-05:00
BTC-USD,100059,1,ask,100083,0.00023986,2024-12-11T13:10:11.837453241-05:00
BTC-USD,100011.23874,1,ask,100022.01,0.0001077,2024-12-11T13:11:12.679826066-05:00
BTC-USD,99980.05,1,ask,99999,0.00018954,2024-12-11T13:12:13.47996123-05:00
BTC-USD,99803.571614,1,ask,99814,0.00010449,2024-12-11T13:13:14.256241134-05:00
BTC-USD,99962,1,ask,99985,0.00023009,2024-12-11T13:14:15.036097908-05:00
BTC-USD,99918.315,1,ask,99942,0.00023704,2024-12-11T13:15:15.855375563-05:00
BTC-USD,100064.313076,1,ask,100066.5,0.00002186,2024-12-11T13:16:16.645285789-05:00
BTC-USD,100173.5,1,ask,100203,0.00029449,2024-12-11T13:17:17.403611361-05:00
BTC-USD,100146,1,ask,100166,0.00019971,2024-12-11T13:18:18.206982256-05:00
BTC-USD,100174.775,1,ask,100189.55,0.00014749,2024-12-11T13:19:19.013713235-05:00
BTC-USD,100290.6514,1,ask,100300.7544,0.00010074,2024-12-11T13:20:19.827022888-05:00
BTC-USD,100321.5,1,ask,100332,0.00010466,2024-12-11T13:21:20.631653405-05:00
BTC-USD,100387.5,1,ask,100411,0.00023409,2024-12-11T13:22:21.48193126-05:00
BTC-USD,100454.37,1,ask,100475.74,0.00021273,2024-12-11T13:23:22.308142476-05:00
BTC-USD,100345,1,ask,100372,0.00026907,2024-12-11T13:24:23.103505052-05:00
BTC-USD,100277.1492,1,ask,100279.75,0.00002594,2024-12-11T13:25:23.932049698-05:00
BTC-USD,100425.156894,1,ask,100435.03,0.00009831,2024-12-11T13:26:24.737186341-05:00
BTC-USD,100449.823496,1,ask,100451.53,0.00001699,2024-12-11T13:27:25.549465368-05:00
BTC-USD,100473.62,1,ask,100497.24,0.00023509,2024-12-11T13:28:26.35909579-05:00
BTC-USD,100535,1,ask,100559,0.00023872,2024-12-11T13:29:27.170723152-05:00
BTC-USD,100495.722,1,ask,100506.53,0.00010755,2024-12-11T13:30:28.051821354-05:00
BTC-USD,100549,1,ask,100572,0.00022874,2024-12-11T13:31:28.865455636-05:00
BTC-USD,100700.5,1,ask,100718,0.00017378,2024-12-11T13:32:29.630862761-05:00
BTC-USD,100626,1,ask,100644,0.00017888,2024-12-11T13:33:30.44874526-05:00
BTC-USD,100661.302,1,ask,100665.69,0.00004359,2024-12-11T13:34:31.335377594-05:00
BTC-USD,100613,1,ask,100627,0.00013915,2024-12-11T13:35:32.129106812-05:00
BTC-USD,100629.186498,1,ask,100653.2688,0.00023932,2024-12-11T13:36:32.979864708-05:00
BTC-USD,100707.29,1,ask,100727.58,0.00020147,2024-12-11T13:37:33.841861319-05:00
BTC-USD,100808,1,ask,100836,0.00027776,2024-12-11T13:38:34.625385999-05:00
BTC-USD,100849,1,ask,100882,0.00032722,2024-12-11T13:39:35.4089736-05:00
BTC-USD,100722.85,1,ask,100746,0.00022984,2024-12-11T13:40:36.249611978-05:00
BTC-USD,100580.031846,1,ask,100590.53,0.00010438,2024-12-11T13:41:37.085830236-05:00
BTC-USD,100645.25,1,ask,100666,0.00020617,2024-12-11T13:42:37.933611966-05:00
BTC-USD,100726.5,1,ask,100746,0.00019359,2024-12-11T13:43:38.774722285-05:00
BTC-USD,100718.653888,1,ask,100729.86,0.00011126,2024-12-11T13:44:39.617022086-05:00
BTC-USD,100693.5442,1,ask,100713.54,0.00019858,2024-12-11T13:45:40.426061354-05:00
BTC-USD,100751.625,1,ask,100773.25,0.00021464,2024-12-11T13:46:41.319696417-05:00
BTC-USD,100824.5,1,ask,100839,0.00014381,2024-12-11T13:47:42.179596315-05:00
BTC-USD,100826.545,1,ask,100845.09,0.00018393,2024-12-11T13:48:42.98334218-05:00
BTC-USD,100919,1,ask,100938,0.00018827,2024-12-11T13:49:43.84481789-05:00
BTC-USD,100844.716726,1,ask,100852.55,0.00007768,2024-12-11T13:50:44.606701084-05:00
BTC-USD,100774.906688,1,ask,100796.4516,0.00021379,2024-12-11T13:51:45.407547909-05:00
BTC-USD,100701.777566,1,ask,100714.9354,0.00013066,2024-12-11T13:52:46.250482774-05:00
BTC-USD,100641.475,1,ask,100656,0.00014432,2024-12-11T13:53:47.099864762-05:00
BTC-USD,100608.9597,1,ask,100622,0.00012961,2024-12-11T13:54:47.908932397-05:00
BTC-USD,100546.72,1,ask,100560,0.00013208,2024-12-11T13:55:48.763958368-05:00
BTC-USD,100430.85993,1,ask,100445.53,0.00014607,2024-12-11T13:56:49.62569542-05:00
BTC-USD,100432.498298,1,ask,100437,0.00004482,2024-12-11T13:57:50.458994229-05:00
BTC-USD,100475.515,1,ask,100493.03,0.00017432,2024-12-11T13:58:51.319287254-05:00
BTC-USD,100501.401784,1,ask,100508.53,0.00007093,2024-12-11T13:59:52.189115413-05:00
BTC-USD,100570.7742,1,ask,100584,0.00013151,2024-12-11T14:00:53.05908172-05:00
BTC-USD,100659,1,ask,100676,0.00016889,2024-12-11T14:01:53.873400897-05:00
BTC-USD,100625.721416,1,ask,100632.9,0.00007134,2024-12-11T14:02:54.660879661-05:00
BTC-USD,100592.801662,1,ask,100617.4408,0.00024494,2024-12-11T14:03:55.478735312-05:00
BTC-USD,100580.381242,1,ask,100582.1,0.00001709,2024-12-11T14:04:56.326041852-05:00
BTC-USD,100599.3,1,ask,100612.6,0.00013221,2024-12-11T14:05:58.129223658-05:00
BTC-USD,100564.2742,1,ask,100587.086,0.00022684,2024-12-11T14:06:58.984588124-05:00
BTC-USD,100590,1,ask,100614,0.00023859,2024-12-11T14:07:59.852163661-05:00
BTC-USD,100702.208434,1,ask,100716.7204,0.00014411,2024-12-11T14:09:00.616470501-05:00
BTC-USD,100650.492042,1,ask,100664.435684,0.00013854,2024-12-11T14:10:01.453983829-05:00
BTC-USD,100672.5,1,ask,100689,0.0001639,2024-12-11T14:11:02.300546651-05:00
BTC-USD,100695.8828,1,ask,100697.4,0.00001507,2024-12-11T14:12:03.123033464-05:00
BTC-USD,100829,1,ask,100842,0.00012893,2024-12-11T14:13:03.94545183-05:00
BTC-USD,100678.828336,1,ask,100694.815792,0.0001588,2024-12-11T14:14:04.762576686-05:00
BTC-USD,100665.856022,1,ask,100668.9,0.00003024,2024-12-11T14:15:05.6012347-05:00
BTC-USD,100533.230324,1,ask,100535.4,0.00002158,2024-12-11T14:16:06.444343757-05:00
BTC-USD,100710.54,1,ask,100721.08,0.00010466,2024-12-11T14:17:07.331662084-05:00
BTC-USD,100655.767844,1,ask,100674.517492,0.00018627,2024-12-11T14:18:08.18626121-05:00
BTC-USD,100671.25,1,ask,100691,0.00019618,2024-12-11T14:19:09.007985844-05:00
BTC-USD,100668.63,1,ask,100692,0.00023215,2024-12-11T14:20:09.870333461-05:00
BTC-USD,100767.54,1,ask,100782.08,0.00014429,2024-12-11T14:21:10.76640477-05:00
BTC-USD,100855,1,ask,100866,0.00010907,2024-12-11T14:22:11.595285623-05:00
BTC-USD,100859.21207,1,ask,100868.8937,0.00009599,2024-12-11T14:23:12.391872928-05:00
BTC-USD,100899.55,1,ask,100912.1,0.00012438,2024-12-11T14:24:13.210229658-05:00
BTC-USD,100871.953256,1,ask,100886.634568,0.00014554,2024-12-11T14:25:14.117771423-05:00
BTC-USD,100898.875,1,ask,100907.75,0.00008796,2024-12-11T14:26:14.997223302-05:00
BTC-USD,100888.953904,1,ask,100898.825108,0.00009784,2024-12-11T14:27:15.858804077-05:00
BTC-USD,100872.41481,1,ask,100883.709072,0.00011197,2024-12-11T14:28:16.692174589-05:00
BTC-USD,100924.705,1,ask,100938.41,0.00013579,2024-12-11T14:29:17.626384303-05:00
BTC-USD,100915.476236,1,ask,100924.0489,0.00008495,2024-12-11T14:30:18.509866588-05:00
BTC-USD,100926.785,1,ask,100941.57,0.00014649,2024-12-11T14:31:19.383923375-05:00
BTC-USD,100973.996254,1,ask,100981.11,0.00007045,2024-12-11T14:32:20.304494006-05:00
BTC-USD,100967.0485,1,ask,100968.1,0.00001041,2024-12-11T14:33:21.130355179-05:00
BTC-USD,100957.55,1,ask,100974.1,0.00016393,2024-12-11T14:34:21.975350393-05:00
BTC-USD,100976.3,1,ask,100992.6,0.00016142,2024-12-11T14:35:22.835269076-05:00
BTC-USD,100939.88654,1,ask,100951.58704,0.00011592,2024-12-11T14:36:23.695726368-05:00
BTC-USD,100947.3,1,ask,100960.6,0.00013175,2024-12-11T14:37:24.541607746-05:00
BTC-USD,100941.55,1,ask,100954.1,0.00012433,2024-12-11T14:38:25.380874093-05:00
BTC-USD,101037.555,1,ask,101045.11,0.00007477,2024-12-11T14:39:26.221004459-05:00
BTC-USD,101034.837806,1,ask,101036.8,0.00001942,2024-12-11T14:40:27.012653776-05:00
BTC-USD,101026.761762,1,ask,101034.633524,0.00007792,2024-12-11T14:41:27.799538272-05:00
BTC-USD,101091.34,1,ask,101103.68,0.00012207,2024-12-11T14:42:28.638923896-05:00
BTC-USD,101162.24,1,ask,101173.48,0.00011111,2024-12-11T14:43:29.453951174-05:00
BTC-USD,101205.079746,1,ask,101207.9,0.00002787,2024-12-11T14:44:30.340197885-05:00
BTC-USD,101214.39,1,ask,101232.78,0.00018169,2024-12-11T14:45:31.216243947-05:00
BTC-USD,101198.56,1,ask,101210.12,0.00011423,2024-12-11T14:46:32.096261666-05:00
BTC-USD,101184.05457,1,ask,101184.1,0.00000045,2024-12-11T14:47:32.959600467-05:00
BTC-USD,101190.06,1,ask,101201.12,0.0001093,2024-12-11T14:48:33.715285356-05:00
BTC-USD,101179.0957,1,ask,101179.6,0.00000498,2024-12-11T14:49:34.528940079-05:00
BTC-USD,101269.5,1,ask,101293,0.00023205,2024-12-11T14:50:35.358010993-05:00
BTC-USD,101177.495,1,ask,101177.5,0.00000005,2024-12-11T14:51:36.142666655-05:00
BTC-USD,101293.565,1,ask,101304.13,0.0001043,2024-12-11T14:52:37.011758492-05:00
BTC-USD,101263.315,1,ask,101278.63,0.00015124,2024-12-11T14:53:37.792679171-05:00
BTC-USD,101286.375,1,ask,101302.75,0.00016167,2024-12-11T14:54:38.707868901-05:00
BTC-USD,101214.741668,1,ask,101215,0.00000255,2024-12-11T14:55:39.627466886-05:00
BTC-USD,101210.29,1,ask,101228,0.00017498,2024-12-11T14:56:40.48539052-05:00
BTC-USD,101219.209324,1,ask,101223.57,0.00004308,2024-12-11T14:57:41.321864381-05:00
BTC-USD,101205.495,1,ask,101216,0.0001038,2024-12-11T14:58:42.159745173-05:00
BTC-USD,101278.23,1,ask,101291.46,0.00013063,2024-12-11T14:59:42.964987983-05:00
BTC-USD,101397.924236,1,ask,101411.870744,0.00013754,2024-12-11T15:00:43.85244788-05:00
BTC-USD,101288.766966,1,ask,101294.57,0.00005729,2024-12-11T15:01:44.713773541-05:00
BTC-USD,101461.36,1,ask,101469.72,0.0000824,2024-12-11T15:02:45.573589724-05:00
BTC-USD,101404.83179,1,ask,101416.32,0.00011329,2024-12-11T15:03:46.427556994-05:00
BTC-USD,101488.825,1,ask,101500.65,0.00011652,2024-12-11T15:04:47.259308387-05:00
BTC-USD,101497,1,ask,101518,0.0002069,2024-12-11T15:05:48.07415184-05:00
BTC-USD,101442.363288,1,ask,101444.58,0.00002185,2024-12-11T15:06:48.846423905-05:00
BTC-USD,101462.055186,1,ask,101468.01,0.00005869,2024-12-11T15:07:49.633580268-05:00
BTC-USD,101407.11,1,ask,101421.22,0.00013914,2024-12-11T15:08:51.433598094-05:00
BTC-USD,101401.225,1,ask,101418.45,0.00016987,2024-12-11T15:09:52.205672615-05:00
BTC-USD,101210.925042,1,ask,101218.91,0.00007889,2024-12-11T15:10:53.021101691-05:00
BTC-USD,101225.75,1,ask,101249.5,0.00023462,2024-12-11T15:11:53.883232199-05:00
BTC-USD,101352.32,1,ask,101358.64,0.00006236,2024-12-11T15:12:54.780674011-05:00
BTC-USD,101352.07,1,ask,101360.14,0.00007962,2024-12-11T15:13:55.642922925-05:00
BTC-USD,101352.32,1,ask,101360.64,0.00008209,2024-12-11T15:14:56.427775988-05:00
BTC-USD,101333.031034,1,ask,101342.257948,0.00009106,2024-12-11T15:15:57.178858026-05:00
BTC-USD,101306.205,1,ask,101320.41,0.00014022,2024-12-11T15:16:58.013181369-05:00
BTC-USD,101263.535,1,ask,101272.07,0.00008429,2024-12-11T15:17:58.848829975-05:00
BTC-USD,101434.575,1,ask,101439.15,0.0000451,2024-12-11T15:18:59.682007765-05:00
BTC-USD,101488.5,1,ask,101502,0.00013302,2024-12-11T15:20:00.464730024-05:00
BTC-USD,101430.949518,1,ask,101431.39,0.00000434,2024-12-11T15:21:01.241313004-05:00
BTC-USD,101363.39728,1,ask,101367.57,0.00004117,2024-12-11T15:22:02.045556758-05:00
BTC-USD,101277.924384,1,ask,101284,0.00005999,2024-12-11T15:23:02.871089564-05:00
BTC-USD,101408.83,1,ask,101425.66,0.00016596,2024-12-11T15:24:03.68406415-05:00
BTC-USD,101477.575,1,ask,101486.15,0.0000845,2024-12-11T15:25:04.500148607-05:00
BTC-USD,101454.7905,1,ask,101457.86,0.00003025,2024-12-11T15:26:05.304882408-05:00
BTC-USD,101486.515,1,ask,101513.03,0.00026127,2024-12-11T15:27:06.103133809-05:00
BTC-USD,101554.33,1,ask,101564.66,0.00010172,2024-12-11T15:28:06.958716106-05:00
BTC-USD,101458.372208,1,ask,101459.08,0.00000698,2024-12-11T15:29:07.776014771-05:00
BTC-USD,101535.095,1,ask,101540.19,0.00005018,2024-12-11T15:30:08.577871975-05:00
BTC-USD,101668.625,1,ask,101682.25,0.00013401,2024-12-11T15:31:09.381156527-05:00
BTC-USD,101626.06,1,ask,101642,0.00015685,2024-12-11T15:32:10.219791914-05:00
BTC-USD,101583,1,ask,101598,0.00014766,2024-12-11T15:33:11.043719243-05:00
BTC-USD,101454.995,1,ask,101455,0.00000005,2024-12-11T15:34:11.909512241-05:00
BTC-USD,101418.575,1,ask,101435.15,0.00016343,2024-12-11T15:35:12.782029767-05:00
BTC-USD,101509.13,1,ask,101522.26,0.00012935,2024-12-11T15:36:13.685371164-05:00
BTC-USD,101544.82081,1,ask,101545.5,0.00000669,2024-12-11T15:37:14.510216445-05:00
BTC-USD,101571.13,1,ask,101596.26,0.00024741,2024-12-11T15:38:15.313504299-05:00
BTC-USD,101548.33,1,ask,101567.66,0.00019035,2024-12-11T15:39:16.173658417-05:00
BTC-USD,101596.085,1,ask,101612.17,0.00015832,2024-12-11T15:40:17.018349615-05:00
BTC-USD,101634.03457,1,ask,101634.06,0.00000025,2024-12-11T15:41:17.835214428-05:00
BTC-USD,101736.34,1,ask,101748.68,0.00012129,2024-12-11T15:42:18.653588098-05:00
BTC-USD,101709.231348,1,ask,101712.13,0.0000285,2024-12-11T15:43:19.499440964-05:00
BTC-USD,101718.35872,1,ask,101723.31,0.00004868,2024-12-11T15:44:20.353085928-05:00
BTC-USD,101834.705,1,ask,101846.41,0.00011494,2024-12-11T15:45:21.185865812-05:00
BTC-USD,101825.095,1,ask,101840.19,0.00014824,2024-12-11T15:46:22.000140142-05:00
BTC-USD,101705.11,1,ask,101718.18,0.00012851,2024-12-11T15:47:22.813985728-05:00
BTC-USD,101653.335,1,ask,101666.67,0.00013118,2024-12-11T15:48:23.621851319-05:00
BTC-USD,101474.598228,1,ask,101479.01,0.00004348,2024-12-11T15:49:24.491061375-05:00
BTC-USD,101534.67,1,ask,101549,0.00014113,2024-12-11T15:50:25.308412905-05:00
BTC-USD,101471.030356,1,ask,101477.87,0.0000674,2024-12-11T15:51:26.115465524-05:00
BTC-USD,101513.5,1,ask,101523,0.00009358,2024-12-11T15:52:26.998588355-05:00
BTC-USD,101429.190196,1,ask,101439.283592,0.00009951,2024-12-11T15:53:27.830836158-05:00
BTC-USD,101405.342882,1,ask,101418.14,0.0001262,2024-12-11T15:54:28.659088572-05:00
BTC-USD,101333.971242,1,ask,101342.07,0.00007992,2024-12-11T15:55:29.506889699-05:00
BTC-USD,101373.47,1,ask,101382.44,0.00008848,2024-12-11T15:56:30.39955053-05:00
BTC-USD,101385.999524,1,ask,101389.57,0.00003522,2024-12-11T15:57:31.215186592-05:00
BTC-USD,101266.21381,1,ask,101276.904464,0.00010557,2024-12-11T15:58:32.264721476-05:00
BTC-USD,101480.69,1,ask,101486.38,0.00005607,2024-12-11T15:59:33.347464344-05:00
BTC-USD,101263.880136,1,ask,101269.95,0.00005994,2024-12-11T16:00:34.484204213-05:00
BTC-USD,101343.85,1,ask,101357.7,0.00013666,2024-12-11T16:01:35.374153525-05:00
BTC-USD,101358.82,1,ask,101372.64,0.00013635,2024-12-11T16:02:36.428640538-05:00
BTC-USD,101295.27,1,ask,101303.13,0.00007759,2024-12-11T16:03:37.433867169-05:00
BTC-USD,101290.035,1,ask,101301.07,0.00010894,2024-12-11T16:04:38.214021194-05:00
BTC-USD,101211.55247,1,ask,101232.121152,0.00020322,2024-12-11T16:05:39.011672685-05:00
BTC-USD,101213.328068,1,ask,101220.78,0.00007363,2024-12-11T16:06:39.849157913-05:00
BTC-USD,101167.139302,1,ask,101167.32,0.00000179,2024-12-11T16:07:40.673939422-05:00
BTC-USD,101093.492812,1,ask,101099.61,0.00006051,2024-12-11T16:08:41.499585285-05:00
BTC-USD,101044.2914,1,ask,101053.907176,0.00009516,2024-12-11T16:09:42.295463796-05:00
BTC-USD,101048.72754,1,ask,101053.14,0.00004367,2024-12-11T16:10:43.171693191-05:00
BTC-USD,101073.126784,1,ask,101077.76,0.00004584,2024-12-11T16:11:44.005702588-05:00
BTC-USD,101002.1092,1,ask,101003.67,0.00001545,2024-12-11T16:12:45.088022849-05:00
BTC-USD,101090,1,ask,101099,0.00008903,2024-12-11T16:13:45.929941945-05:00
BTC-USD,101059.5,1,ask,101068,0.00008411,2024-12-11T16:14:47.75852409-05:00
BTC-USD,101031.805,1,ask,101041.61,0.00009705,2024-12-11T16:15:48.623416978-05:00
BTC-USD,101109.24,1,ask,101112.48,0.00003204,2024-12-11T16:16:49.441655043-05:00
BTC-USD,101081.005,1,ask,101082.01,0.00000994,2024-12-11T16:17:50.303987246-05:00
BTC-USD,101081.305,1,ask,101092.61,0.00011184,2024-12-11T16:18:51.151569061-05:00
BTC-USD,101038.621454,1,ask,101040.15,0.00001513,2024-12-11T16:19:52.225631274-05:00
BTC-USD,101001.117746,1,ask,101003.89,0.00002745,2024-12-11T16:20:53.17053163-05:00
BTC-USD,101025.055,1,ask,101036.11,0.00010943,2024-12-11T16:21:53.952085181-05:00
BTC-USD,100995.855,1,ask,101000.71,0.00004807,2024-12-11T16:22:54.783597219-05:00
BTC-USD,100993.362754,1,ask,100995.91,0.00002522,2024-12-11T16:23:55.583634395-05:00
BTC-USD,101081.661242,1,ask,101084.91,0.00003214,2024-12-11T16:24:56.416816724-05:00
BTC-USD,100993.58,1,ask,101006.76,0.0001305,2024-12-11T16:25:57.243674646-05:00
BTC-USD,100997.961416,1,ask,101004.38,0.00006355,2024-12-11T16:26:58.084865667-05:00
BTC-USD,101044.51,1,ask,101060.02,0.0001535,2024-12-11T16:27:58.90695135-05:00
BTC-USD,101073.210662,1,ask,101078.06,0.00004798,2024-12-11T16:28:59.734810602-05:00
BTC-USD,101077.15,1,ask,101093.3,0.00015978,2024-12-11T16:30:00.550683786-05:00
BTC-USD,101082.80899,1,ask,101097.0537,0.00014092,2024-12-11T16:31:01.367373679-05:00
BTC-USD,101082.99653,1,ask,101097.01122,0.00013865,2024-12-11T16:32:02.24605403-05:00
BTC-USD,101246.5,1,ask,101264,0.00017285,2024-12-11T16:33:03.118386478-05:00
BTC-USD,101305.03,1,ask,101325.06,0.00019772,2024-12-11T16:34:03.963782919-05:00
BTC-USD,101437,1,ask,101452,0.00014788,2024-12-11T16:35:04.7398273-05:00
BTC-USD,101409.944734,1,ask,101421.911488,0.000118,2024-12-11T16:36:05.545795055-05:00
BTC-USD,101403.265,1,ask,101418.53,0.00015054,2024-12-11T16:37:06.345641457-05:00
BTC-USD,101559.33,1,ask,101571.66,0.00012141,2024-12-11T16:38:07.113652019-05:00
BTC-USD,101440.6828,1,ask,101442.8172,0.00002104,2024-12-11T16:39:07.936012239-05:00
BTC-USD,101440.155,1,ask,101454.31,0.00013954,2024-12-11T16:40:08.752943318-05:00
BTC-USD,101438.707216,1,ask,101446.97902,0.00008154,2024-12-11T16:41:09.577486485-05:00
BTC-USD,101424.721708,1,ask,101432.58,0.00007748,2024-12-11T16:42:10.388796819-05:00
BTC-USD,101417.831898,1,ask,101420.93,0.00003055,2024-12-11T16:43:11.186843142-05:00
BTC-USD,101487.145,1,ask,101500.29,0.00012952,2024-12-11T16:44:12.035744971-05:00
BTC-USD,101478.999262,1,ask,101493.987624,0.0001477,2024-12-11T16:45:13.808670658-05:00
BTC-USD,101542.78669,1,ask,101549.39058,0.00006504,2024-12-11T16:46:14.593120882-05:00
BTC-USD,101507.021742,1,ask,101513.143484,0.00006031,2024-12-11T16:47:15.329999924-05:00
BTC-USD,101530.136586,1,ask,101541.820088,0.00011507,2024-12-11T16:48:16.116152213-05:00
BTC-USD,101550.16,1,ask,101554.32,0.00004096,2024-12-11T16:49:16.90292062-05:00
BTC-USD,101628.5,1,ask,101643,0.00014268,2024-12-11T16:50:17.70412418-05:00
BTC-USD,101601.366262,1,ask,101607.608816,0.00006144,2024-12-11T16:51:18.513695761-05:00
BTC-USD,101505.35,1,ask,101515.7,0.00010197,2024-12-11T16:52:19.31402906-05:00
BTC-USD,101603.925,1,ask,101618.95,0.00014788,2024-12-11T16:53:20.125865308-05:00
BTC-USD,101578.815928,1,ask,101585.504944,0.00006585,2024-12-11T16:54:20.970362948-05:00
BTC-USD,101562.727258,1,ask,101573.067064,0.00010181,2024-12-11T16:55:21.725290712-05:00
BTC-USD,101598.958518,1,ask,101611.893356,0.00012731,2024-12-11T16:56:22.538324982-05:00
BTC-USD,101604.434192,1,ask,101613.695676,0.00009115,2024-12-11T16:57:23.329983981-05:00
BTC-USD,101617.843624,1,ask,101622,0.0000409,2024-12-11T16:58:24.115018297-05:00
BTC-USD,101631.398444,1,ask,101635.2688,0.00003808,2024-12-11T16:59:24.876130129-05:00
BTC-USD,101674.653906,1,ask,101687.299876,0.00012438,2024-12-11T17:00:25.610089925-05:00
BTC-USD,101722.38317,1,ask,101734.764664,0.00012172,2024-12-11T17:01:26.4222664-05:00
BTC-USD,101702.70156,1,ask,101711.175472,0.00008332,2024-12-11T17:02:27.265691301-05:00
BTC-USD,101727.606108,1,ask,101744.091736,0.00016206,2024-12-11T17:03:28.065517539-05:00
BTC-USD,101766.286996,1,ask,101775.538372,0.00009091,2024-12-11T17:04:28.889145029-05:00
BTC-USD,101781.788596,1,ask,101790.9004,0.00008952,2024-12-11T17:05:29.684620122-05:00
BTC-USD,101855.1568,1,ask,101864.891332,0.00009557,2024-12-11T17:06:30.544336109-05:00
BTC-USD,101849.245494,1,ask,101859.144748,0.0000972,2024-12-11T17:07:31.354264117-05:00
BTC-USD,101958.762818,1,ask,101968.362944,0.00009416,2024-12-11T17:08:32.19196823-05:00
BTC-USD,101886.364538,1,ask,101907.477908,0.00020722,2024-12-11T17:09:33.123671664-05:00
BTC-USD,101912.64503,1,ask,101923.639928,0.00010789,2024-12-11T17:10:33.959285927-05:00
BTC-USD,101855.454342,1,ask,101864.716632,0.00009094,2024-12-11T17:11:34.775063091-05:00
BTC-USD,101755.05292,1,ask,101764.0429,0.00008835,2024-12-11T17:12:35.640747392-05:00
BTC-USD,101693.473742,1,ask,101703.43984,0.000098,2024-12-11T17:13:36.472799086-05:00
BTC-USD,101694.405858,1,ask,101703.553092,0.00008995,2024-12-11T17:14:37.317585814-05:00
BTC-USD,101676.396634,1,ask,101685.648064,0.00009099,2024-12-11T17:15:38.154984356-05:00
BTC-USD,101618.177876,1,ask,101627.929828,0.00009597,2024-12-11T17:16:38.986062324-05:00
BTC-USD,101569.184044,1,ask,101577.139132,0.00007832,2024-12-11T17:17:39.825317818-05:00
BTC-USD,101587.392316,1,ask,101607.120196,0.0001942,2024-12-11T17:18:40.701806176-05:00
BTC-USD,101550.718526,1,ask,101562.318324,0.00011423,2024-12-11T17:19:41.499823703-05:00
BTC-USD,101573.5784,1,ask,101581.980856,0.00008272,2024-12-11T17:20:42.34180877-05:00
BTC-USD,101574.71479,1,ask,101583.950736,0.00009093,2024-12-11T17:21:43.18187225-05:00
BTC-USD,101564.801816,1,ask,101573.736944,0.00008797,2024-12-11T17:22:44.020355276-05:00
BTC-USD,101521.115252,1,ask,101531.243384,0.00009976,2024-12-11T17:23:44.852090109-05:00
BTC-USD,101538.59275,1,ask,101547.626224,0.00008897,2024-12-11T17:24:45.693165867-05:00
BTC-USD,101703.365768,1,ask,101713.39884,0.00009865,2024-12-11T17:25:46.54526318-05:00
BTC-USD,101592.38014,1,ask,101603.357676,0.00010805,2024-12-11T17:26:47.38531007-05:00
BTC-USD,101577.962258,1,ask,101595.4516,0.00017218,2024-12-11T17:27:48.290687899-05:00
BTC-USD,101556.225868,1,ask,101580.7204,0.00024119,2024-12-11T17:28:49.131168663-05:00
BTC-USD,101605.809884,1,ask,101626.172,0.0002004,2024-12-11T17:29:49.978828165-05:00
BTC-USD,101626.043958,1,ask,101686.571512,0.00059559,2024-12-11T17:30:50.790447359-05:00
BTC-USD,101582.415068,1,ask,101648.220704,0.00064781,2024-12-11T17:31:51.624180303-05:00
BTC-USD,101535.33259,1,ask,101595.52224,0.0005928,2024-12-11T17:32:53.440779224-05:00
BTC-USD,101550.970666,1,ask,101603.225936,0.00051457,2024-12-11T17:33:54.277497617-05:00
BTC-USD,101560.373746,1,ask,101619.66848,0.00058384,2024-12-11T17:34:55.066565433-05:00
BTC-USD,101482.16951,1,ask,101543.3411,0.00060278,2024-12-11T17:35:55.875874653-05:00
BTC-USD,101450.1961,1,ask,101506.396024,0.00055397,2024-12-11T17:36:56.724701307-05:00
BTC-USD,101433.421442,1,ask,101484.342844,0.00050202,2024-12-11T17:37:57.605046184-05:00
BTC-USD,101373.973662,1,ask,101442.085096,0.00067188,2024-12-11T17:38:58.545586419-05:00
BTC-USD,101413.515538,1,ask,101459.4782,0.00045322,2024-12-11T17:39:59.413772773-05:00
BTC-USD,101460.767098,1,ask,101533.852772,0.00072033,2024-12-11T17:41:00.219359683-05:00
BTC-USD,101460.857442,1,ask,101517.63192,0.00055957,2024-12-11T17:42:01.070310734-05:00
BTC-USD,101382.357626,1,ask,101442.543924,0.00059366,2024-12-11T17:43:01.972038963-05:00
BTC-USD,101309.99026,1,ask,101337.907564,0.00027556,2024-12-11T17:44:02.804728693-05:00
BTC-USD,101389.198862,1,ask,101435.86208,0.00046024,2024-12-11T17:45:03.621540164-05:00
BTC-USD,101362.937904,1,ask,101416.962704,0.00053298,2024-12-11T17:46:04.655192619-05:00
BTC-USD,101335.73999,1,ask,101394.068644,0.0005756,2024-12-11T17:47:05.517800029-05:00
BTC-USD,101429.073496,1,ask,101488.29,0.00058382,2024-12-11T17:48:06.375823236-05:00
BTC-USD,101425.90985,1,ask,101489.335616,0.00062534,2024-12-11T17:49:07.151505909-05:00
BTC-USD,101341.41629,1,ask,101405.48734,0.00063223,2024-12-11T17:50:07.995611274-05:00
BTC-USD,101313.870386,1,ask,101370.18198,0.00055581,2024-12-11T17:51:08.768863248-05:00
BTC-USD,101281.943416,1,ask,101351.631752,0.00068806,2024-12-11T17:52:09.528190005-05:00
BTC-USD,101342.974022,1,ask,101405.947492,0.00062139,2024-12-11T17:53:10.348841526-05:00
BTC-USD,101399.683094,1,ask,101472.41048,0.00071723,2024-12-11T17:54:11.14225369-05:00
BTC-USD,101457.40806,1,ask,101480.77416,0.0002303,2024-12-11T17:55:11.943428154-05:00
BTC-USD,101504.644932,1,ask,101521.369508,0.00016477,2024-12-11T17:56:12.79984691-05:00
BTC-USD,101520.42152,1,ask,101539.62472,0.00018916,2024-12-11T17:57:13.680371925-05:00
BTC-USD,101499.6715,1,ask,101519.00644,0.00019049,2024-12-11T17:58:14.543130307-05:00
BTC-USD,101329.58226,1,ask,101352.544912,0.00022661,2024-12-11T17:59:15.339355232-05:00
BTC-USD,101370.1585,1,ask,101389.5376,0.00019117,2024-12-11T18:00:16.382403336-05:00
BTC-USD,101389.31003,1,ask,101401.183168,0.0001171,2024-12-11T18:01:17.45819492-05:00
BTC-USD,101320.013714,1,ask,101339.4236,0.00019157,2024-12-11T18:02:18.280691681-05:00
BTC-USD,101336.139664,1,ask,101348.649192,0.00012345,2024-12-11T18:03:19.102688054-05:00
BTC-USD,101333.334514,1,ask,101346.429748,0.00012923,2024-12-11T18:04:19.91442585-05:00
BTC-USD,101418.817284,1,ask,101425.451768,0.00006542,2024-12-11T18:05:20.746172808-05:00
BTC-USD,101354.557624,1,ask,101363.237052,0.00008563,2024-12-11T18:06:21.593830896-05:00
BTC-USD,101369.993492,1,ask,101382.537056,0.00012374,2024-12-11T18:07:22.483372641-05:00
BTC-USD,101378.532182,1,ask,101393.44744,0.00014712,2024-12-11T18:08:23.361022031-05:00
BTC-USD,101441.152334,1,ask,101449.96284,0.00008685,2024-12-11T18:09:24.179085754-05:00
BTC-USD,101434.992,1,ask,101442.09946,0.00007007,2024-12-11T18:10:25.005217381-05:00
BTC-USD,101446.662976,1,ask,101464.475952,0.00017559,2024-12-11T18:11:25.834084637-05:00
BTC-USD,101406.982808,1,ask,101416.423324,0.0000931,2024-12-11T18:12:26.657927338-05:00
BTC-USD,101410.001492,1,ask,101422.957356,0.00012776,2024-12-11T18:13:27.487042612-05:00
BTC-USD,101480.319942,1,ask,101489.545888,0.00009091,2024-12-11T18:14:28.329892779-05:00
BTC-USD,101556.736068,1,ask,101566.577824,0.00009691,2024-12-11T18:15:29.134428981-05:00
BTC-USD,101547.853378,1,ask,101559.15018,0.00011125,2024-12-11T18:16:30.014092539-05:00
BTC-USD,101529.220316,1,ask,101542.265228,0.00012848,2024-12-11T18:17:30.847564816-05:00
BTC-USD,101473.96666,1,ask,101482.790924,0.00008696,2024-12-11T18:18:31.657582203-05:00
BTC-USD,101501.623646,1,ask,101512.919744,0.00011129,2024-12-11T18:19:32.49393065-05:00
BTC-USD,101486.170092,1,ask,101500.157384,0.00013782,2024-12-11T18:20:33.386254387-05:00
BTC-USD,101439.291556,1,ask,101451.47362,0.00012009,2024-12-11T18:21:34.252996568-05:00
BTC-USD,101338.398588,1,ask,101347.10178,0.00008588,2024-12-11T18:22:35.045059171-05:00
BTC-USD,101342.133914,1,ask,101353.193836,0.00010913,2024-12-11T18:23:35.884225809-05:00
BTC-USD,101343.68477,1,ask,101351.833936,0.00008041,2024-12-11T18:24:36.770689439-05:00
BTC-USD,101357.843,1,ask,101369.55608,0.00011556,2024-12-11T18:25:37.618263929-05:00
BTC-USD,101345.3388,1,ask,101357.240792,0.00011744,2024-12-11T18:26:38.445759947-05:00
BTC-USD,101361.02476,1,ask,101373.278192,0.00012089,2024-12-11T18:27:39.344960328-05:00
BTC-USD,101367.30343,1,ask,101379.034144,0.00011572,2024-12-11T18:28:40.214139338-05:00
BTC-USD,101359.789616,1,ask,101371.382008,0.00011437,2024-12-11T18:29:41.026596578-05:00
BTC-USD,101405.796016,1,ask,101422.04404,0.00016023,2024-12-11T18:30:41.820190602-05:00
BTC-USD,101377.4086,1,ask,101395.197592,0.00017547,2024-12-11T18:31:42.685018213-05:00
BTC-USD,101362.266804,1,ask,101374.9032,0.00012467,2024-12-11T18:32:43.553523873-05:00
BTC-USD,101347.695702,1,ask,101369.66016,0.00021672,2024-12-11T18:33:44.435371248-05:00
BTC-USD,101352.514046,1,ask,101369.21396,0.00016477,2024-12-11T18:34:45.244311878-05:00
BTC-USD,101354.75774,1,ask,101376.885104,0.00021832,2024-12-11T18:35:46.071621552-05:00
BTC-USD,101339.710598,1,ask,101353.5376,0.00013644,2024-12-11T18:36:46.885197393-05:00
BTC-USD,101327.211544,1,ask,101352.383208,0.00024842,2024-12-11T18:37:47.987186158-05:00
BTC-USD,101365.987764,1,ask,101391.16772,0.00024841,2024-12-11T18:38:48.823851103-05:00
BTC-USD,101391.845476,1,ask,101406.20856,0.00014166,2024-12-11T18:39:49.736776908-05:00
BTC-USD,101398.448758,1,ask,101413.0806,0.0001443,2024-12-11T18:40:50.592443294-05:00
BTC-USD,101383.704158,1,ask,101403.06772,0.00019099,2024-12-11T18:41:51.456374557-05:00
BTC-USD,101403.702114,1,ask,101422.528164,0.00018565,2024-12-11T18:42:52.272669717-05:00
BTC-USD,101389.778478,1,ask,101412.14832,0.00022063,2024-12-11T18:43:53.093504452-05:00
BTC-USD,101355.83968,1,ask,101377.58704,0.00021456,2024-12-11T18:44:53.920065461-05:00
BTC-USD,101386.060526,1,ask,101402.97092,0.00016679,2024-12-11T18:45:54.786648567-05:00
BTC-USD,101350.556398,1,ask,101372.8172,0.00021964,2024-12-11T18:46:55.622375129-05:00
BTC-USD,101347.063066,1,ask,101364.506524,0.00017212,2024-12-11T18:47:56.439959868-05:00
BTC-USD,101304.21666,1,ask,101321.57416,0.00017134,2024-12-11T18:48:57.338446328-05:00
BTC-USD,101306.449846,1,ask,101324.133528,0.00017456,2024-12-11T18:49:58.136923596-05:00
BTC-USD,101254.685542,1,ask,101274.104364,0.00019178,2024-12-11T18:50:58.97382637-05:00
BTC-USD,101250.385532,1,ask,101265.510824,0.00014939,2024-12-11T18:51:59.91007896-05:00
BTC-USD,101210.33645,1,ask,101228.960064,0.00018401,2024-12-11T18:53:00.757828934-05:00
BTC-USD,101187.92699,1,ask,101202.768148,0.00014667,2024-12-11T18:54:01.590125233-05:00
BTC-USD,101166.507696,1,ask,101182.95804,0.00016261,2024-12-11T18:55:02.647362112-05:00
BTC-USD,101277.135276,1,ask,101293.557716,0.00016215,2024-12-11T18:56:03.481537352-05:00
BTC-USD,101248.379804,1,ask,101267.041372,0.00018431,2024-12-11T18:57:04.354593049-05:00
BTC-USD,101182.19591,1,ask,101198.6344,0.00016246,2024-12-11T18:58:05.152365445-05:00
BTC-USD,101209.85168,1,ask,101227.4516,0.0001739,2024-12-11T18:59:05.98728267-05:00
BTC-USD,101247.202802,1,ask,101275.292564,0.00027744,2024-12-11T19:00:06.757359244-05:00
BTC-USD,101294.084918,1,ask,101312.8172,0.00018493,2024-12-11T19:01:07.617317172-05:00
BTC-USD,101273.844028,1,ask,101296.292564,0.00022166,2024-12-11T19:02:08.364624351-05:00
BTC-USD,101157.03888,1,ask,101174.840964,0.00017598,2024-12-11T19:03:09.22476515-05:00
BTC-USD,101192.49896,1,ask,101217.258,0.00024467,2024-12-11T19:04:10.055359753-05:00
BTC-USD,101147.136342,1,ask,101164.540176,0.00017206,2024-12-11T19:05:10.903520651-05:00
BTC-USD,101206.64935,1,ask,101224.860064,0.00017994,2024-12-11T19:06:11.747207741-05:00
BTC-USD,101212.862858,1,ask,101235.09888,0.0002197,2024-12-11T19:07:12.583516104-05:00
BTC-USD,101201.600276,1,ask,101219.086,0.00017278,2024-12-11T19:08:13.465463028-05:00
BTC-USD,101213.869186,1,ask,101232.9892,0.00018891,2024-12-11T19:09:14.291540671-05:00
BTC-USD,101151.870064,1,ask,101174.020064,0.00021898,2024-12-11T19:10:15.132925132-05:00
BTC-USD,101131.16722,1,ask,101155.8064,0.00024364,2024-12-11T19:11:15.966990024-05:00
BTC-USD,101112.416368,1,ask,101135.468136,0.00022798,2024-12-11T19:12:16.803284217-05:00
BTC-USD,101121.513324,1,ask,101140.64188,0.00018916,2024-12-11T19:13:17.585756565-05:00
BTC-USD,101085.718446,1,ask,101102.9032,0.00017,2024-12-11T19:14:18.411539697-05:00
BTC-USD,101148.754018,1,ask,101166.554136,0.00017598,2024-12-11T19:15:19.238057698-05:00
BTC-USD,101107.870772,1,ask,101127.289648,0.00019206,2024-12-11T19:16:20.092642605-05:00
BTC-USD,101215.30598,1,ask,101239.4516,0.00023856,2024-12-11T19:17:21.152497314-05:00
BTC-USD,101246.309588,1,ask,101263.35794,0.00016838,2024-12-11T19:18:21.977592357-05:00
BTC-USD,101206.654574,1,ask,101228.7204,0.00021803,2024-12-11T19:19:22.812512275-05:00
BTC-USD,101177.2258,1,ask,101193.376736,0.00015963,2024-12-11T19:20:23.633752331-05:00
BTC-USD,101071.882436,1,ask,101084.19028,0.00012177,2024-12-11T19:21:24.501709033-05:00
BTC-USD,101023.51486,1,ask,101032.789784,0.00009181,2024-12-11T19:22:25.29776231-05:00
BTC-USD,101021.961654,1,ask,101031.182332,0.00009127,2024-12-11T19:23:26.131049088-05:00
BTC-USD,101013.309124,1,ask,101025.2688,0.0001184,2024-12-11T19:24:26.961762135-05:00
BTC-USD,101051.316328,1,ask,101060.515984,0.00009104,2024-12-11T19:25:27.810125809-05:00
BTC-USD,101048.437806,1,ask,101057.627408,0.00009094,2024-12-11T19:26:28.609268796-05:00
BTC-USD,101024.665092,1,ask,101033.8277,0.0000907,2024-12-11T19:27:29.481083752-05:00
BTC-USD,100980.17206,1,ask,100989.889448,0.00009623,2024-12-11T19:28:30.338022613-05:00
BTC-USD,100966.72767,1,ask,100975.931036,0.00009115,2024-12-11T19:29:31.187438368-05:00
BTC-USD,101013.281746,1,ask,101023.380308,0.00009997,2024-12-11T19:30:32.055179736-05:00
BTC-USD,101011.551688,1,ask,101021.798588,0.00010144,2024-12-11T19:31:32.890233-05:00
BTC-USD,101014.993878,1,ask,101028.100708,0.00012975,2024-12-11T19:32:33.684536176-05:00
