symbol,price,quantity,side,ask_inclusive_of_buy_spread,buy_spread,timestamp
DOGE-USD,0.463792315,1,ask,0.46634615,0.00550642,2024-12-08T12:19:18.002592096-05:00
DOGE-USD,0.46332247,1,ask,0.46584894,0.00545294,2024-12-08T12:20:18.126236871-05:00
DOGE-USD,0.463573075,1,ask,0.46606515,0.0053758,2024-12-08T12:21:18.229677103-05:00
DOGE-USD,0.463865925,1,ask,0.46638185,0.00542382,2024-12-08T12:22:18.363149706-05:00
DOGE-USD,0.464859245,1,ask,0.46740993,0.005487,2024-12-08T12:23:18.465232872-05:00
DOGE-USD,0.465540285,1,ask,0.46809576,0.00548927,2024-12-08T12:24:18.603179111-05:00
DOGE-USD,0.465463855,1,ask,0.46802838,0.00550961,2024-12-08T12:25:18.744455808-05:00
DOGE-USD,0.46504019,1,ask,0.46760238,0.00550961,2024-12-08T12:26:18.885520695-05:00
DOGE-USD,0.46454699,1,ask,0.46709966,0.00549497,2024-12-08T12:27:19.026255319-05:00
DOGE-USD,0.464661145,1,ask,0.46723651,0.00554246,2024-12-08T12:28:19.153528766-05:00
DOGE-USD,0.46420378,1,ask,0.46672155,0.00542385,2024-12-08T12:29:19.316930799-05:00
DOGE-USD,0.464000535,1,ask,0.46649407,0.00537399,2024-12-08T12:30:19.479545884-05:00
DOGE-USD,0.464064955,1,ask,0.46661297,0.00549064,2024-12-08T12:31:19.632631289-05:00
DOGE-USD,0.4636477,1,ask,0.46621,0.00552639,2024-12-08T12:32:19.79433114-05:00
DOGE-USD,0.46353898,1,ask,0.466092,0.00550767,2024-12-08T12:33:19.952539057-05:00
DOGE-USD,0.46445877,1,ask,0.466963,0.00539172,2024-12-08T12:34:20.088783333-05:00
DOGE-USD,0.463105835,1,ask,0.46562957,0.00544959,2024-12-08T12:35:20.252716721-05:00
DOGE-USD,0.46310909,1,ask,0.465626,0.00543481,2024-12-08T12:36:20.419990175-05:00
DOGE-USD,0.46286072,1,ask,0.465488,0.00567618,2024-12-08T12:37:20.563656043-05:00
DOGE-USD,0.46267425,1,ask,0.465235,0.00553467,2024-12-08T12:38:20.707484973-05:00
DOGE-USD,0.46316301,1,ask,0.465729,0.00554014,2024-12-08T12:39:20.862968128-05:00
DOGE-USD,0.4634923,1,ask,0.466045,0.00550753,2024-12-08T12:40:21.013498675-05:00
DOGE-USD,0.46398838,1,ask,0.466548,0.00551656,2024-12-08T12:41:21.161893193-05:00
DOGE-USD,0.46348725,1,ask,0.466023,0.00547102,2024-12-08T12:42:21.315483029-05:00
DOGE-USD,0.462939755,1,ask,0.465473,0.00547208,2024-12-08T12:43:21.487924902-05:00
DOGE-USD,0.46347037,1,ask,0.466035,0.00553354,2024-12-08T12:44:21.635598077-05:00
DOGE-USD,0.46377541,1,ask,0.4662825,0.00540583,2024-12-08T12:45:21.771431339-05:00
DOGE-USD,0.464117,1,ask,0.466701,0.00556756,2024-12-08T12:46:21.916250287-05:00
DOGE-USD,0.464894715,1,ask,0.46750103,0.00560625,2024-12-08T12:47:22.06439649-05:00
DOGE-USD,0.465293765,1,ask,0.46786931,0.00553531,2024-12-08T12:48:22.234686898-05:00
DOGE-USD,0.46450392,1,ask,0.46708916,0.00556559,2024-12-08T12:49:22.370911114-05:00
DOGE-USD,0.46592677,1,ask,0.468479,0.00547775,2024-12-08T12:50:22.517899157-05:00
DOGE-USD,0.467307845,1,ask,0.46985661,0.00545415,2024-12-08T12:51:22.675271794-05:00
DOGE-USD,0.468352815,1,ask,0.470965,0.00557739,2024-12-08T12:52:23.125400975-05:00
DOGE-USD,0.46732351,1,ask,0.46995102,0.00562246,2024-12-08T12:53:23.2645099-05:00
DOGE-USD,0.467099005,1,ask,0.46974807,0.00567131,2024-12-08T12:54:23.410748982-05:00
DOGE-USD,0.466977065,1,ask,0.46963351,0.0056886,2024-12-08T12:55:23.556515255-05:00
DOGE-USD,0.46620416,1,ask,0.46883522,0.00564358,2024-12-08T12:56:23.702248566-05:00
DOGE-USD,0.465912485,1,ask,0.46852436,0.00560593,2024-12-08T12:57:23.858905861-05:00
DOGE-USD,0.46599606,1,ask,0.46863412,0.00566112,2024-12-08T12:58:24.013430608-05:00
DOGE-USD,0.46572204,1,ask,0.46836264,0.00566991,2024-12-08T12:59:24.183500549-05:00
DOGE-USD,0.46588302,1,ask,0.46851514,0.00564974,2024-12-08T13:00:24.33615639-05:00
DOGE-USD,0.46674578,1,ask,0.46940834,0.00570452,2024-12-08T13:01:24.4911863-05:00
DOGE-USD,0.46636251,1,ask,0.46900155,0.00565877,2024-12-08T13:02:24.62414721-05:00
DOGE-USD,0.46708482,1,ask,0.46972747,0.00565775,2024-12-08T13:03:24.780271519-05:00
DOGE-USD,0.46650813,1,ask,0.46915226,0.00566792,2024-12-08T13:04:24.932034327-05:00
DOGE-USD,0.46662102,1,ask,0.46923376,0.00559928,2024-12-08T13:05:25.078272529-05:00
DOGE-USD,0.465370385,1,ask,0.46797959,0.00560673,2024-12-08T13:06:25.218777184-05:00
DOGE-USD,0.465417905,1,ask,0.46803084,0.00561417,2024-12-08T13:07:25.372847809-05:00
DOGE-USD,0.46518307,1,ask,0.46773341,0.00548244,2024-12-08T13:08:25.523896635-05:00
DOGE-USD,0.46631391,1,ask,0.46886545,0.00547172,2024-12-08T13:09:25.676029889-05:00
DOGE-USD,0.465995955,1,ask,0.46859778,0.00558336,2024-12-08T13:10:25.841495095-05:00
DOGE-USD,0.465090965,1,ask,0.46769516,0.00559932,2024-12-08T13:11:25.981569377-05:00
DOGE-USD,0.46585484,1,ask,0.46846157,0.00559558,2024-12-08T13:12:26.134637237-05:00
DOGE-USD,0.4661436,1,ask,0.46874797,0.00558706,2024-12-08T13:13:26.302516488-05:00
DOGE-USD,0.465267265,1,ask,0.46786221,0.00557732,2024-12-08T13:14:26.454096005-05:00
DOGE-USD,0.465067295,1,ask,0.46766514,0.00558596,2024-12-08T13:15:26.599792083-05:00
DOGE-USD,0.46571014,1,ask,0.46832799,0.0056212,2024-12-08T13:16:26.756879685-05:00
DOGE-USD,0.46455128,1,ask,0.46708648,0.00545731,2024-12-08T13:17:26.9195078-05:00
DOGE-USD,0.463912805,1,ask,0.46648566,0.00554599,2024-12-08T13:18:27.064774131-05:00
DOGE-USD,0.4632568,1,ask,0.4658326,0.0055602,2024-12-08T13:19:27.223663981-05:00
DOGE-USD,0.462386,1,ask,0.46496607,0.00557991,2024-12-08T13:20:27.355022487-05:00
DOGE-USD,0.462935515,1,ask,0.46549703,0.0055332,2024-12-08T13:21:27.506079815-05:00
DOGE-USD,0.46155557,1,ask,0.464121,0.00555823,2024-12-08T13:22:27.643020551-05:00
DOGE-USD,0.46030504,1,ask,0.46288008,0.0055942,2024-12-08T13:23:27.788616183-05:00
DOGE-USD,0.460574325,1,ask,0.46307765,0.00543522,2024-12-08T13:24:27.92338413-05:00
DOGE-USD,0.45937925,1,ask,0.46192127,0.0055336,2024-12-08T13:25:28.069764865-05:00
DOGE-USD,0.45998055,1,ask,0.4625341,0.00555143,2024-12-08T13:26:28.223026344-05:00
DOGE-USD,0.45960019,1,ask,0.46219538,0.00564663,2024-12-08T13:27:28.330790061-05:00
DOGE-USD,0.461137845,1,ask,0.463609,0.00535882,2024-12-08T13:28:28.473150235-05:00
DOGE-USD,0.461404465,1,ask,0.463997,0.00561879,2024-12-08T13:29:28.624094115-05:00
DOGE-USD,0.461348965,1,ask,0.46393693,0.00560956,2024-12-08T13:30:28.779608221-05:00
DOGE-USD,0.46030208,1,ask,0.462829,0.0054897,2024-12-08T13:31:28.93897796-05:00
DOGE-USD,0.46071858,1,ask,0.46331513,0.00563587,2024-12-08T13:32:29.107011095-05:00
DOGE-USD,0.46169711,1,ask,0.46426408,0.00555986,2024-12-08T13:33:29.268806861-05:00
DOGE-USD,0.461758755,1,ask,0.46437849,0.00567338,2024-12-08T13:34:29.417326136-05:00
DOGE-USD,0.462474865,1,ask,0.465092,0.00565898,2024-12-08T13:35:29.574422189-05:00
DOGE-USD,0.46260025,1,ask,0.465164,0.00554204,2024-12-08T13:36:29.722020418-05:00
DOGE-USD,0.46332794,1,ask,0.465949,0.00565703,2024-12-08T13:37:29.873416564-05:00
DOGE-USD,0.462497395,1,ask,0.465065,0.00555161,2024-12-08T13:38:30.030693367-05:00
DOGE-USD,0.46269154,1,ask,0.465249,0.00552735,2024-12-08T13:39:30.191185744-05:00
DOGE-USD,0.462681945,1,ask,0.46525571,0.00556271,2024-12-08T13:40:30.330732522-05:00
DOGE-USD,0.462852755,1,ask,0.46544216,0.00559445,2024-12-08T13:41:30.4809357-05:00
DOGE-USD,0.46266665,1,ask,0.46526096,0.0056073,2024-12-08T13:42:30.638387278-05:00
DOGE-USD,0.463002205,1,ask,0.46558332,0.00557474,2024-12-08T13:43:30.801422502-05:00
DOGE-USD,0.46313316,1,ask,0.46569812,0.00553828,2024-12-08T13:44:30.956428438-05:00
DOGE-USD,0.463665045,1,ask,0.46620101,0.00546939,2024-12-08T13:45:31.119531674-05:00
DOGE-USD,0.46339401,1,ask,0.46596724,0.00555301,2024-12-08T13:46:31.278021901-05:00
DOGE-USD,0.463683155,1,ask,0.46627896,0.00559823,2024-12-08T13:47:31.43031876-05:00
DOGE-USD,0.463406775,1,ask,0.46599064,0.0055758,2024-12-08T13:48:31.591637171-05:00
DOGE-USD,0.463402805,1,ask,0.46598077,0.00556312,2024-12-08T13:49:31.760659537-05:00
DOGE-USD,0.46367446,1,ask,0.46629135,0.00564381,2024-12-08T13:50:31.924736708-05:00
DOGE-USD,0.463294845,1,ask,0.46586669,0.00555121,2024-12-08T13:51:32.098902432-05:00
DOGE-USD,0.463278135,1,ask,0.46586669,0.00558748,2024-12-08T13:52:32.316674013-05:00
DOGE-USD,0.46321644,1,ask,0.46581878,0.00561798,2024-12-08T13:53:32.556267993-05:00
DOGE-USD,0.463001195,1,ask,0.4655813,0.00557257,2024-12-08T13:54:32.748738077-05:00
DOGE-USD,0.463079895,1,ask,0.465671,0.00559537,2024-12-08T13:55:32.940893087-05:00
DOGE-USD,0.46283508,1,ask,0.46541419,0.00557242,2024-12-08T13:56:33.161257541-05:00
DOGE-USD,0.463033165,1,ask,0.46562536,0.00559829,2024-12-08T13:57:33.364097041-05:00
DOGE-USD,0.46317651,1,ask,0.46575845,0.00557442,2024-12-08T13:58:33.551924368-05:00
DOGE-USD,0.462730105,1,ask,0.46528587,0.00552323,2024-12-08T13:59:33.746999831-05:00
DOGE-USD,0.46252783,1,ask,0.46512763,0.00562085,2024-12-08T14:00:33.939829656-05:00
DOGE-USD,0.462989215,1,ask,0.46562152,0.00568546,2024-12-08T14:01:34.131339707-05:00
DOGE-USD,0.46401923,1,ask,0.46665874,0.00568836,2024-12-08T14:02:34.324593841-05:00
DOGE-USD,0.463856015,1,ask,0.46647154,0.00563866,2024-12-08T14:03:34.517719489-05:00
DOGE-USD,0.464577265,1,ask,0.46717618,0.00559415,2024-12-08T14:04:34.726949317-05:00
DOGE-USD,0.46413514,1,ask,0.46671753,0.00556388,2024-12-08T14:05:34.91631138-05:00
DOGE-USD,0.46350032,1,ask,0.46609026,0.00558778,2024-12-08T14:06:35.12150269-05:00
DOGE-USD,0.46336124,1,ask,0.46593944,0.00556413,2024-12-08T14:07:35.304644512-05:00
DOGE-USD,0.46258011,1,ask,0.46514893,0.00555324,2024-12-08T14:08:35.488217536-05:00
DOGE-USD,0.46354771,1,ask,0.46615059,0.00561513,2024-12-08T14:09:35.659136207-05:00
DOGE-USD,0.46393573,1,ask,0.46653267,0.00559763,2024-12-08T14:10:35.88027128-05:00
DOGE-USD,0.46400227,1,ask,0.46660692,0.00561344,2024-12-08T14:11:36.070840336-05:00
DOGE-USD,0.46280239,1,ask,0.46542236,0.0056611,2024-12-08T14:12:36.27621304-05:00
DOGE-USD,0.462371055,1,ask,0.46493364,0.00554227,2024-12-08T14:13:36.492296089-05:00
DOGE-USD,0.462437255,1,ask,0.46504383,0.0056366,2024-12-08T14:14:36.718731745-05:00
DOGE-USD,0.46282234,1,ask,0.46540653,0.00558355,2024-12-08T14:15:36.902593008-05:00
DOGE-USD,0.46265284,1,ask,0.46523079,0.0055721,2024-12-08T14:16:37.103936266-05:00
DOGE-USD,0.461339405,1,ask,0.46391842,0.00559028,2024-12-08T14:17:37.34290539-05:00
DOGE-USD,0.462472405,1,ask,0.46500811,0.00548293,2024-12-08T14:18:37.593569829-05:00
DOGE-USD,0.462956365,1,ask,0.4654997,0.00549368,2024-12-08T14:19:37.79266285-05:00
DOGE-USD,0.463307835,1,ask,0.46579489,0.00536804,2024-12-08T14:20:37.981980707-05:00
DOGE-USD,0.463835935,1,ask,0.46633394,0.00538554,2024-12-08T14:21:38.168859622-05:00
DOGE-USD,0.463683935,1,ask,0.46624275,0.00551845,2024-12-08T14:22:38.383996674-05:00
DOGE-USD,0.46370011,1,ask,0.46626119,0.00552314,2024-12-08T14:23:38.587619068-05:00
DOGE-USD,0.46324203,1,ask,0.46580251,0.00552731,2024-12-08T14:24:38.7793418-05:00
DOGE-USD,0.46301733,1,ask,0.4655719,0.00551722,2024-12-08T14:25:38.979368571-05:00
DOGE-USD,0.462478225,1,ask,0.46502445,0.00550561,2024-12-08T14:26:39.181036653-05:00
DOGE-USD,0.462403505,1,ask,0.46494401,0.00549413,2024-12-08T14:27:39.401195776-05:00
DOGE-USD,0.461590185,1,ask,0.46414368,0.00553195,2024-12-08T14:28:39.639180652-05:00
DOGE-USD,0.461800005,1,ask,0.46429801,0.00540928,2024-12-08T14:29:39.792762835-05:00
DOGE-USD,0.4622899,1,ask,0.46484697,0.00553131,2024-12-08T14:30:40.993791668-05:00
DOGE-USD,0.46321917,1,ask,0.46574685,0.00545677,2024-12-08T14:31:41.231031464-05:00
DOGE-USD,0.463818125,1,ask,0.46638185,0.00552744,2024-12-08T14:32:41.428651613-05:00
DOGE-USD,0.4642012,1,ask,0.466786,0.00556828,2024-12-08T14:33:41.627478708-05:00
DOGE-USD,0.463824535,1,ask,0.46640734,0.0055685,2024-12-08T14:34:41.823826103-05:00
DOGE-USD,0.46390204,1,ask,0.46646615,0.00552727,2024-12-08T14:35:42.0263326-05:00
DOGE-USD,0.464242045,1,ask,0.46680802,0.00552724,2024-12-08T14:36:42.226482182-05:00
DOGE-USD,0.464490555,1,ask,0.46703311,0.00547386,2024-12-08T14:37:42.418866104-05:00
DOGE-USD,0.46542526,1,ask,0.46799452,0.00552024,2024-12-08T14:38:42.613210346-05:00
DOGE-USD,0.465492065,1,ask,0.46806491,0.00552715,2024-12-08T14:39:42.812476672-05:00
DOGE-USD,0.46567011,1,ask,0.46824199,0.00552297,2024-12-08T14:40:43.232131012-05:00
DOGE-USD,0.464750285,1,ask,0.46732861,0.00554776,2024-12-08T14:41:43.420455073-05:00
DOGE-USD,0.46496289,1,ask,0.46753978,0.00554214,2024-12-08T14:42:43.612381199-05:00
DOGE-USD,0.46528535,1,ask,0.4678437,0.00549845,2024-12-08T14:43:43.806810985-05:00
DOGE-USD,0.464929965,1,ask,0.4674877,0.00550133,2024-12-08T14:44:44.0033294-05:00
DOGE-USD,0.46506861,1,ask,0.46759622,0.00543492,2024-12-08T14:45:44.197274968-05:00
DOGE-USD,0.465256895,1,ask,0.46783979,0.00555155,2024-12-08T14:46:44.398113348-05:00
DOGE-USD,0.465445085,1,ask,0.46801073,0.00551224,2024-12-08T14:47:44.594512166-05:00
DOGE-USD,0.465358535,1,ask,0.46789007,0.00543997,2024-12-08T14:48:44.795730491-05:00
DOGE-USD,0.46488011,1,ask,0.46744766,0.00552304,2024-12-08T14:49:45.000931663-05:00
DOGE-USD,0.464969495,1,ask,0.46753199,0.0055111,2024-12-08T14:50:45.205535068-05:00
DOGE-USD,0.46412918,1,ask,0.4665624,0.00524255,2024-12-08T14:51:45.40143838-05:00
DOGE-USD,0.464465795,1,ask,0.4668776,0.00519264,2024-12-08T14:52:45.605030268-05:00
DOGE-USD,0.464148905,1,ask,0.4666297,0.00534483,2024-12-08T14:53:45.802209055-05:00
DOGE-USD,0.464079685,1,ask,0.4665569,0.00533791,2024-12-08T14:54:46.021230324-05:00
DOGE-USD,0.464114225,1,ask,0.466622,0.00540336,2024-12-08T14:55:46.269124401-05:00
DOGE-USD,0.464179535,1,ask,0.4666472,0.00531619,2024-12-08T14:56:46.461353568-05:00
DOGE-USD,0.464426525,1,ask,0.4669642,0.0054641,2024-12-08T14:57:46.683563865-05:00
DOGE-USD,0.464879375,1,ask,0.46742836,0.00548311,2024-12-08T14:58:46.924950647-05:00
DOGE-USD,0.465195255,1,ask,0.467718,0.00542298,2024-12-08T14:59:47.117738056-05:00
DOGE-USD,0.46575573,1,ask,0.468292,0.00544549,2024-12-08T15:00:47.326538582-05:00
DOGE-USD,0.465511065,1,ask,0.46805318,0.00546091,2024-12-08T15:01:47.557142887-05:00
DOGE-USD,0.465802205,1,ask,0.468357,0.00548472,2024-12-08T15:02:47.806386569-05:00
DOGE-USD,0.46450697,1,ask,0.4670793,0.00553776,2024-12-08T15:03:47.941929019-05:00
DOGE-USD,0.464566185,1,ask,0.46710822,0.00547185,2024-12-08T15:04:48.095002399-05:00
DOGE-USD,0.464198525,1,ask,0.46674087,0.00547685,2024-12-08T15:05:48.265618759-05:00
DOGE-USD,0.46427446,1,ask,0.466849,0.0055453,2024-12-08T15:06:48.402809632-05:00
DOGE-USD,0.463834565,1,ask,0.466365,0.00545547,2024-12-08T15:07:48.57073964-05:00
DOGE-USD,0.463492585,1,ask,0.466049,0.00551555,2024-12-08T15:08:48.72305899-05:00
DOGE-USD,0.463132825,1,ask,0.46569145,0.0055246,2024-12-08T15:09:48.875893212-05:00
DOGE-USD,0.46362025,1,ask,0.466177,0.00551475,2024-12-08T15:10:49.032866093-05:00
DOGE-USD,0.46360486,1,ask,0.46614622,0.00548174,2024-12-08T15:11:49.167288835-05:00
DOGE-USD,0.463387035,1,ask,0.46593735,0.00550364,2024-12-08T15:12:49.308561414-05:00
DOGE-USD,0.462999085,1,ask,0.46552342,0.00545214,2024-12-08T15:13:49.461007338-05:00
DOGE-USD,0.46279889,1,ask,0.46537146,0.00555872,2024-12-08T15:14:49.613110465-05:00
DOGE-USD,0.462577915,1,ask,0.46514886,0.00555786,2024-12-08T15:15:49.763848296-05:00
DOGE-USD,0.462817015,1,ask,0.465382,0.00554211,2024-12-08T15:16:49.915998682-05:00
DOGE-USD,0.462765745,1,ask,0.465341,0.00556492,2024-12-08T15:17:50.079749895-05:00
DOGE-USD,0.46278229,1,ask,0.465251,0.0053345,2024-12-08T15:18:50.24598711-05:00
DOGE-USD,0.46332546,1,ask,0.465813,0.00536888,2024-12-08T15:19:50.387021349-05:00
DOGE-USD,0.46302508,1,ask,0.46557746,0.0055124,2024-12-08T15:20:50.548039639-05:00
DOGE-USD,0.4625864,1,ask,0.465112,0.00545974,2024-12-08T15:21:50.736662699-05:00
DOGE-USD,0.46264728,1,ask,0.46516,0.00543118,2024-12-08T15:22:50.886626328-05:00
DOGE-USD,0.46280728,1,ask,0.465311,0.00540985,2024-12-08T15:23:50.999583848-05:00
DOGE-USD,0.462730005,1,ask,0.465245,0.00543512,2024-12-08T15:24:51.149361678-05:00
DOGE-USD,0.463192745,1,ask,0.46568,0.00536981,2024-12-08T15:25:51.263757661-05:00
DOGE-USD,0.463327065,1,ask,0.46586905,0.00548637,2024-12-08T15:26:51.417591365-05:00
DOGE-USD,0.463285085,1,ask,0.46583889,0.00551238,2024-12-08T15:27:51.581812011-05:00
DOGE-USD,0.463185805,1,ask,0.46569,0.00540646,2024-12-08T15:28:51.739997658-05:00
DOGE-USD,0.4631453,1,ask,0.465665,0.00544041,2024-12-08T15:29:51.922024641-05:00
DOGE-USD,0.46256741,1,ask,0.465078,0.00542751,2024-12-08T15:30:52.045321991-05:00
DOGE-USD,0.462609315,1,ask,0.465124,0.00543587,2024-12-08T15:31:52.176260772-05:00
DOGE-USD,0.462366575,1,ask,0.464887,0.00545114,2024-12-08T15:32:52.314206075-05:00
DOGE-USD,0.462366495,1,ask,0.464857,0.00538643,2024-12-08T15:33:52.451399567-05:00
DOGE-USD,0.462555945,1,ask,0.465037,0.00536379,2024-12-08T15:34:52.636126386-05:00
DOGE-USD,0.4624703,1,ask,0.464986,0.0054397,2024-12-08T15:35:52.785902297-05:00
DOGE-USD,0.4626496,1,ask,0.465197,0.00550611,2024-12-08T15:36:52.932703798-05:00
DOGE-USD,0.46186245,1,ask,0.464372,0.00543354,2024-12-08T15:37:53.083625811-05:00
DOGE-USD,0.4624144,1,ask,0.464988,0.00556557,2024-12-08T15:38:53.242897043-05:00
DOGE-USD,0.462351215,1,ask,0.46491385,0.00554262,2024-12-08T15:39:53.419473837-05:00
DOGE-USD,0.461817375,1,ask,0.464391,0.00557282,2024-12-08T15:40:53.567418977-05:00
DOGE-USD,0.46176188,1,ask,0.46433968,0.00558253,2024-12-08T15:41:53.715798342-05:00
DOGE-USD,0.4621063,1,ask,0.464619,0.00543749,2024-12-08T15:42:53.863394997-05:00
DOGE-USD,0.46222062,1,ask,0.46473432,0.00543831,2024-12-08T15:43:54.024494325-05:00
DOGE-USD,0.462273445,1,ask,0.464824,0.00551742,2024-12-08T15:44:54.161588839-05:00
DOGE-USD,0.462231205,1,ask,0.464795,0.00554656,2024-12-08T15:45:54.327685164-05:00
DOGE-USD,0.46176741,1,ask,0.46433067,0.00555098,2024-12-08T15:46:54.486020448-05:00
DOGE-USD,0.461640285,1,ask,0.4642041,0.00555371,2024-12-08T15:47:54.631694307-05:00
DOGE-USD,0.46136627,1,ask,0.46392848,0.00555353,2024-12-08T15:48:54.779892821-05:00
DOGE-USD,0.461889845,1,ask,0.46445851,0.00556121,2024-12-08T15:49:54.951762252-05:00
DOGE-USD,0.462497685,1,ask,0.4650974,0.00562103,2024-12-08T15:50:55.118572959-05:00
DOGE-USD,0.462418955,1,ask,0.46500956,0.00560229,2024-12-08T15:51:55.279344245-05:00
DOGE-USD,0.462453235,1,ask,0.4649907,0.00548697,2024-12-08T15:52:55.434406467-05:00
DOGE-USD,0.46208671,1,ask,0.4646434,0.00553292,2024-12-08T15:53:55.586799071-05:00
DOGE-USD,0.46199236,1,ask,0.46457198,0.00558369,2024-12-08T15:54:55.726239643-05:00
DOGE-USD,0.461552675,1,ask,0.4640985,0.00551578,2024-12-08T15:55:55.873926031-05:00
DOGE-USD,0.46100233,1,ask,0.4635586,0.00554503,2024-12-08T15:56:56.014716637-05:00
DOGE-USD,0.46059976,1,ask,0.4631413,0.00551789,2024-12-08T15:57:56.165485431-05:00
DOGE-USD,0.460610585,1,ask,0.463137,0.00548493,2024-12-08T15:58:56.329153729-05:00
DOGE-USD,0.460483285,1,ask,0.4630415,0.0055555,2024-12-08T15:59:56.4962492-05:00
DOGE-USD,0.460700305,1,ask,0.4632507,0.00553591,2024-12-08T16:00:56.647587833-05:00
DOGE-USD,0.460888845,1,ask,0.4634559,0.00556979,2024-12-08T16:01:56.807424515-05:00
DOGE-USD,0.46090587,1,ask,0.4634729,0.00556953,2024-12-08T16:02:56.974513397-05:00
DOGE-USD,0.46128422,1,ask,0.4638262,0.00551066,2024-12-08T16:03:57.134977809-05:00
DOGE-USD,0.461226275,1,ask,0.46378771,0.00555353,2024-12-08T16:04:57.290804929-05:00
DOGE-USD,0.460985535,1,ask,0.4635665,0.0055988,2024-12-08T16:05:57.452633466-05:00
DOGE-USD,0.46092087,1,ask,0.463451,0.00548929,2024-12-08T16:06:57.60594179-05:00
DOGE-USD,0.46041798,1,ask,0.46293465,0.00546605,2024-12-08T16:07:57.769403403-05:00
DOGE-USD,0.46063247,1,ask,0.46320453,0.00558376,2024-12-08T16:08:57.938814604-05:00
DOGE-USD,0.460730105,1,ask,0.46327491,0.00552342,2024-12-08T16:09:58.085655368-05:00
DOGE-USD,0.46093793,1,ask,0.4635016,0.00556186,2024-12-08T16:10:58.260403693-05:00
DOGE-USD,0.46031355,1,ask,0.462842,0.00549289,2024-12-08T16:11:58.418979994-05:00
DOGE-USD,0.459900915,1,ask,0.46248176,0.00561174,2024-12-08T16:12:58.585029918-05:00
DOGE-USD,0.459798905,1,ask,0.46235993,0.00556988,2024-12-08T16:13:58.741293508-05:00
DOGE-USD,0.4597808,1,ask,0.46234098,0.00556826,2024-12-08T16:14:58.905341835-05:00
DOGE-USD,0.45986427,1,ask,0.46243767,0.005596,2024-12-08T16:15:59.057628642-05:00
DOGE-USD,0.460027005,1,ask,0.46258861,0.00556838,2024-12-08T16:16:59.218935304-05:00
DOGE-USD,0.46037199,1,ask,0.4629167,0.00552751,2024-12-08T16:17:59.37446259-05:00
DOGE-USD,0.46069486,1,ask,0.4632442,0.00553368,2024-12-08T16:18:59.530809656-05:00
DOGE-USD,0.460730525,1,ask,0.46330508,0.00558798,2024-12-08T16:19:59.684377461-05:00
DOGE-USD,0.460837025,1,ask,0.46338929,0.00553832,2024-12-08T16:20:59.855621207-05:00
DOGE-USD,0.461555085,1,ask,0.46409941,0.00551251,2024-12-08T16:22:00.018029934-05:00
DOGE-USD,0.461083195,1,ask,0.46363689,0.00553847,2024-12-08T16:23:00.173813246-05:00
DOGE-USD,0.461252,1,ask,0.46380155,0.00552746,2024-12-08T16:24:00.354377728-05:00
DOGE-USD,0.46132892,1,ask,0.46389961,0.00557236,2024-12-08T16:25:00.520261919-05:00
DOGE-USD,0.461452005,1,ask,0.46400265,0.00552743,2024-12-08T16:26:00.669212199-05:00
DOGE-USD,0.46141508,1,ask,0.46395864,0.00551252,2024-12-08T16:27:00.814050208-05:00
DOGE-USD,0.46155011,1,ask,0.46411326,0.00555335,2024-12-08T16:28:00.984157302-05:00
DOGE-USD,0.461377245,1,ask,0.46392664,0.00552562,2024-12-08T16:29:01.151927958-05:00
DOGE-USD,0.461595085,1,ask,0.46413963,0.0055125,2024-12-08T16:30:01.324750341-05:00
DOGE-USD,0.46259317,1,ask,0.46515516,0.00553832,2024-12-08T16:31:01.488525707-05:00
DOGE-USD,0.462523715,1,ask,0.46506204,0.00548799,2024-12-08T16:32:01.63649151-05:00
DOGE-USD,0.4625535,1,ask,0.465125,0.00555936,2024-12-08T16:33:01.785316415-05:00
DOGE-USD,0.46291918,1,ask,0.465485,0.0055427,2024-12-08T16:34:01.938370312-05:00
DOGE-USD,0.462959845,1,ask,0.46550469,0.0054969,2024-12-08T16:35:02.106349151-05:00
DOGE-USD,0.46393654,1,ask,0.46652718,0.00558404,2024-12-08T16:36:02.256052201-05:00
DOGE-USD,0.463797565,1,ask,0.4663467,0.00549622,2024-12-08T16:37:02.413379264-05:00
DOGE-USD,0.46380991,1,ask,0.4662938,0.00535541,2024-12-08T16:38:02.570603383-05:00
DOGE-USD,0.463791145,1,ask,0.466304,0.00541807,2024-12-08T16:39:02.736794817-05:00
DOGE-USD,0.46387631,1,ask,0.4664425,0.00553206,2024-12-08T16:40:02.896240051-05:00
DOGE-USD,0.463888495,1,ask,0.466447,0.00551534,2024-12-08T16:41:03.082651363-05:00
DOGE-USD,0.4643562,1,ask,0.4668971,0.00547188,2024-12-08T16:42:03.253285786-05:00
DOGE-USD,0.46439587,1,ask,0.4669466,0.00549258,2024-12-08T16:43:03.417584068-05:00
DOGE-USD,0.46401011,1,ask,0.46657289,0.00552311,2024-12-08T16:44:03.579558777-05:00
DOGE-USD,0.46467603,1,ask,0.46724639,0.00553151,2024-12-08T16:45:03.744212215-05:00
DOGE-USD,0.464517025,1,ask,0.46708946,0.00553787,2024-12-08T16:46:03.917395419-05:00
DOGE-USD,0.46400444,1,ask,0.46657289,0.0055354,2024-12-08T16:47:04.075380137-05:00
DOGE-USD,0.465153815,1,ask,0.4677166,0.00550954,2024-12-08T16:48:04.241250266-05:00
DOGE-USD,0.46500894,1,ask,0.4675482,0.00546067,2024-12-08T16:49:04.398405087-05:00
DOGE-USD,0.46413029,1,ask,0.46665333,0.00543606,2024-12-08T16:50:04.561971086-05:00
DOGE-USD,0.46457648,1,ask,0.46715073,0.00554107,2024-12-08T16:51:04.721513957-05:00
DOGE-USD,0.464311035,1,ask,0.46685649,0.00548222,2024-12-08T16:52:04.896421598-05:00
DOGE-USD,0.46372385,1,ask,0.46625895,0.00546683,2024-12-08T16:53:05.07024047-05:00
DOGE-USD,0.46359784,1,ask,0.46617196,0.00555248,2024-12-08T16:54:05.24866524-05:00
DOGE-USD,0.463915025,1,ask,0.46648017,0.00552934,2024-12-08T16:55:05.411804545-05:00
DOGE-USD,0.46355774,1,ask,0.46610574,0.00549662,2024-12-08T16:56:05.578744015-05:00
DOGE-USD,0.463654205,1,ask,0.4662429,0.00558324,2024-12-08T16:57:05.738303396-05:00
DOGE-USD,0.46451661,1,ask,0.46709102,0.00554213,2024-12-08T16:58:05.887754326-05:00
DOGE-USD,0.464685655,1,ask,0.46723651,0.00548942,2024-12-08T16:59:05.999614633-05:00
DOGE-USD,0.46439859,1,ask,0.46693486,0.00546141,2024-12-08T17:00:06.142845545-05:00
DOGE-USD,0.46343794,1,ask,0.46600012,0.00552864,2024-12-08T17:01:06.30199017-05:00
DOGE-USD,0.46378191,1,ask,0.46632931,0.00549267,2024-12-08T17:02:06.464383961-05:00
DOGE-USD,0.4633528,1,ask,0.46592256,0.00554601,2024-12-08T17:03:06.614051358-05:00
DOGE-USD,0.463840095,1,ask,0.46640193,0.0055231,2024-12-08T17:04:06.77050864-05:00
DOGE-USD,0.46397765,1,ask,0.46651792,0.00547498,2024-12-08T17:05:06.929293959-05:00
DOGE-USD,0.46314508,1,ask,0.46569812,0.0055124,2024-12-08T17:06:07.07998918-05:00
DOGE-USD,0.463645745,1,ask,0.46617235,0.00544943,2024-12-08T17:07:07.225864311-05:00
DOGE-USD,0.46393532,1,ask,0.46651256,0.00555517,2024-12-08T17:08:07.37835584-05:00
DOGE-USD,0.46335981,1,ask,0.46589662,0.00547482,2024-12-08T17:09:07.540763415-05:00
DOGE-USD,0.463458305,1,ask,0.46603998,0.00557046,2024-12-08T17:10:07.764671313-05:00
DOGE-USD,0.46305844,1,ask,0.4656044,0.00549814,2024-12-08T17:11:07.966226341-05:00
DOGE-USD,0.462550225,1,ask,0.46512686,0.0055705,2024-12-08T17:12:08.153176164-05:00
DOGE-USD,0.46270912,1,ask,0.46524182,0.00547363,2024-12-08T17:13:08.323137961-05:00
DOGE-USD,0.462718275,1,ask,0.46530755,0.00559579,2024-12-08T17:14:08.532928975-05:00
DOGE-USD,0.462789195,1,ask,0.46533443,0.00549977,2024-12-08T17:15:08.708239843-05:00
DOGE-USD,0.462835215,1,ask,0.46538642,0.00551212,2024-12-08T17:16:08.90535466-05:00
DOGE-USD,0.463076145,1,ask,0.4656556,0.00557026,2024-12-08T17:17:09.105379045-05:00
DOGE-USD,0.46350607,1,ask,0.4660749,0.00554217,2024-12-08T17:18:09.314547057-05:00
DOGE-USD,0.46419893,1,ask,0.46677252,0.00554415,2024-12-08T17:19:09.569012512-05:00
DOGE-USD,0.463882325,1,ask,0.46646647,0.00557069,2024-12-08T17:20:09.752097389-05:00
DOGE-USD,0.463920615,1,ask,0.46651053,0.00558267,2024-12-08T17:21:09.986145972-05:00
DOGE-USD,0.463996205,1,ask,0.466559,0.00552331,2024-12-08T17:22:10.182003873-05:00
DOGE-USD,0.463786925,1,ask,0.46634163,0.00550836,2024-12-08T17:23:10.378005361-05:00
DOGE-USD,0.463830765,1,ask,0.46639,0.00551761,2024-12-08T17:24:10.578136355-05:00
DOGE-USD,0.46374308,1,ask,0.46631146,0.00553837,2024-12-08T17:25:10.776132368-05:00
DOGE-USD,0.463715085,1,ask,0.46627125,0.00551236,2024-12-08T17:26:10.978104357-05:00
DOGE-USD,0.464001585,1,ask,0.466526,0.00544053,2024-12-08T17:27:11.182930904-05:00
DOGE-USD,0.464863135,1,ask,0.4674376,0.00553811,2024-12-08T17:28:11.378032502-05:00
DOGE-USD,0.464792055,1,ask,0.467375,0.00555721,2024-12-08T17:29:11.612281184-05:00
DOGE-USD,0.465001505,1,ask,0.46756215,0.00550675,2024-12-08T17:30:11.786035735-05:00
DOGE-USD,0.46404216,1,ask,0.4666046,0.005522,2024-12-08T17:31:11.983456188-05:00
DOGE-USD,0.46400508,1,ask,0.46656283,0.00551233,2024-12-08T17:32:12.200116162-05:00
DOGE-USD,0.46408011,1,ask,0.46667112,0.00558311,2024-12-08T17:33:12.37532727-05:00
DOGE-USD,0.464430865,1,ask,0.46700468,0.00554187,2024-12-08T17:34:12.581671531-05:00
DOGE-USD,0.46395619,1,ask,0.46653267,0.00555328,2024-12-08T17:35:12.778273427-05:00
DOGE-USD,0.463274235,1,ask,0.46584894,0.00555763,2024-12-08T17:36:12.968662479-05:00
DOGE-USD,0.46330813,1,ask,0.46586905,0.00552747,2024-12-08T17:37:13.196675487-05:00
DOGE-USD,0.463450165,1,ask,0.46599999,0.00550183,2024-12-08T17:38:13.385524042-05:00
DOGE-USD,0.464258165,1,ask,0.46681441,0.00550609,2024-12-08T17:39:13.579643596-05:00
DOGE-USD,0.463973515,1,ask,0.46654743,0.00554755,2024-12-08T17:40:13.78043546-05:00
DOGE-USD,0.46392333,1,ask,0.46652262,0.00560284,2024-12-08T17:41:13.970790203-05:00
DOGE-USD,0.46457742,1,ask,0.467083,0.00539325,2024-12-08T17:42:14.163290327-05:00
DOGE-USD,0.46447743,1,ask,0.46705011,0.00553887,2024-12-08T17:43:14.379073659-05:00
DOGE-USD,0.46424212,1,ask,0.4667814,0.00546973,2024-12-08T17:44:14.579911904-05:00
DOGE-USD,0.464430095,1,ask,0.46694544,0.00541598,2024-12-08T17:45:14.855077422-05:00
DOGE-USD,0.46440181,1,ask,0.46695651,0.00550106,2024-12-08T17:46:15.04473588-05:00
DOGE-USD,0.4637235,1,ask,0.46627216,0.00549608,2024-12-08T17:47:15.231545607-05:00
DOGE-USD,0.46388036,1,ask,0.46645062,0.00554078,2024-12-08T17:48:15.411413546-05:00
DOGE-USD,0.46416958,1,ask,0.46672674,0.00550911,2024-12-08T17:49:15.589246068-05:00
DOGE-USD,0.46393011,1,ask,0.46649245,0.00552312,2024-12-08T17:50:15.784859976-05:00
DOGE-USD,0.4641876,1,ask,0.46673891,0.00549629,2024-12-08T17:51:15.97239774-05:00
DOGE-USD,0.46411005,1,ask,0.4666952,0.00557012,2024-12-08T17:52:16.192350726-05:00
DOGE-USD,0.46405812,1,ask,0.46662316,0.00552741,2024-12-08T17:53:16.369354556-05:00
DOGE-USD,0.46479379,1,ask,0.46736852,0.00553951,2024-12-08T17:54:16.543935095-05:00
DOGE-USD,0.46505918,1,ask,0.46764875,0.00556826,2024-12-08T17:55:16.720248105-05:00
DOGE-USD,0.4655833,1,ask,0.4681934,0.00560609,2024-12-08T17:56:16.910699778-05:00
DOGE-USD,0.46578604,1,ask,0.46838837,0.00558696,2024-12-08T17:57:17.097527722-05:00
DOGE-USD,0.46598807,1,ask,0.46861745,0.00564259,2024-12-08T17:58:17.279700535-05:00
DOGE-USD,0.465902075,1,ask,0.46849115,0.00555712,2024-12-08T17:59:17.473465437-05:00
DOGE-USD,0.46572449,1,ask,0.46833287,0.00560069,2024-12-08T18:00:17.655124797-05:00
DOGE-USD,0.465186655,1,ask,0.46779223,0.00560114,2024-12-08T18:01:17.844185644-05:00
DOGE-USD,0.46458011,1,ask,0.46717389,0.00558306,2024-12-08T18:02:18.055553122-05:00
DOGE-USD,0.46423509,1,ask,0.46678791,0.00549898,2024-12-08T18:03:18.287708564-05:00
DOGE-USD,0.46426897,1,ask,0.46684,0.0055378,2024-12-08T18:04:18.471497343-05:00
DOGE-USD,0.46368652,1,ask,0.466051,0.00509931,2024-12-08T18:05:18.663363835-05:00
DOGE-USD,0.4637878,1,ask,0.466124,0.00503722,2024-12-08T18:06:18.865540822-05:00
DOGE-USD,0.46379573,1,ask,0.46633157,0.00546758,2024-12-08T18:07:19.071439042-05:00
DOGE-USD,0.464669725,1,ask,0.46724,0.0055314,2024-12-08T18:08:19.261121113-05:00
DOGE-USD,0.46447385,1,ask,0.46708267,0.00561672,2024-12-08T18:09:19.454101698-05:00
DOGE-USD,0.46390628,1,ask,0.46646768,0.00552137,2024-12-08T18:10:19.642913125-05:00
DOGE-USD,0.464179215,1,ask,0.46675156,0.00554171,2024-12-08T18:11:19.831970549-05:00
DOGE-USD,0.463268895,1,ask,0.46582079,0.00550845,2024-12-08T18:12:20.01560756-05:00
DOGE-USD,0.463852095,1,ask,0.46642593,0.00554883,2024-12-08T18:13:20.204266065-05:00
DOGE-USD,0.464437635,1,ask,0.466997,0.00551068,2024-12-08T18:14:20.389951584-05:00
DOGE-USD,0.46527952,1,ask,0.46787851,0.00558587,2024-12-08T18:15:20.575895662-05:00
DOGE-USD,0.464831745,1,ask,0.46742072,0.0055697,2024-12-08T18:16:20.780510701-05:00
DOGE-USD,0.464623275,1,ask,0.46719256,0.00552982,2024-12-08T18:17:20.966521015-05:00
DOGE-USD,0.464006015,1,ask,0.46659454,0.00557865,2024-12-08T18:18:21.152436018-05:00
DOGE-USD,0.46391528,1,ask,0.46644756,0.0054585,2024-12-08T18:19:21.347240355-05:00
DOGE-USD,0.46451346,1,ask,0.46705053,0.00546178,2024-12-08T18:20:21.585706191-05:00
DOGE-USD,0.466004385,1,ask,0.4685724,0.00551071,2024-12-08T18:21:22.068532884-05:00
DOGE-USD,0.465759495,1,ask,0.46836043,0.00558429,2024-12-08T18:22:22.27169524-05:00
DOGE-USD,0.4664873,1,ask,0.46907042,0.00553739,2024-12-08T18:23:22.456405389-05:00
DOGE-USD,0.466118225,1,ask,0.46870624,0.00555227,2024-12-08T18:24:22.637513624-05:00
DOGE-USD,0.46597789,1,ask,0.46853358,0.00548457,2024-12-08T18:25:22.866862979-05:00
DOGE-USD,0.46571885,1,ask,0.4683077,0.00555883,2024-12-08T18:26:23.057833783-05:00
DOGE-USD,0.465143915,1,ask,0.46748883,0.00504127,2024-12-08T18:27:23.249779877-05:00
DOGE-USD,0.46477009,1,ask,0.46713118,0.00508012,2024-12-08T18:28:23.437576783-05:00
DOGE-USD,0.4642518,1,ask,0.46683743,0.00556946,2024-12-08T18:29:23.627234822-05:00
DOGE-USD,0.46440208,1,ask,0.46699216,0.00557724,2024-12-08T18:30:23.822572471-05:00
DOGE-USD,0.464091075,1,ask,0.46666218,0.00554009,2024-12-08T18:31:24.052577594-05:00
DOGE-USD,0.463638015,1,ask,0.46614203,0.0054008,2024-12-08T18:32:24.262568444-05:00
DOGE-USD,0.464099005,1,ask,0.46667112,0.00554217,2024-12-08T18:33:24.477345694-05:00
DOGE-USD,0.46453011,1,ask,0.46709574,0.00552307,2024-12-08T18:34:24.704342053-05:00
DOGE-USD,0.46494263,1,ask,0.46754529,0.00559781,2024-12-08T18:35:24.934621435-05:00
DOGE-USD,0.464374225,1,ask,0.46698287,0.00561755,2024-12-08T18:36:25.112627962-05:00
DOGE-USD,0.46452902,1,ask,0.4671035,0.00554213,2024-12-08T18:37:25.3162178-05:00
DOGE-USD,0.464423195,1,ask,0.46693874,0.00541649,2024-12-08T18:38:25.507481169-05:00
DOGE-USD,0.46439136,1,ask,0.46694261,0.00549375,2024-12-08T18:39:25.662318517-05:00
DOGE-USD,0.464032925,1,ask,0.46661852,0.00557201,2024-12-08T18:40:25.877418794-05:00
DOGE-USD,0.463919,1,ask,0.46649012,0.00554217,2024-12-08T18:41:26.051893261-05:00
DOGE-USD,0.46447846,1,ask,0.467072,0.00558377,2024-12-08T18:42:26.210977011-05:00
DOGE-USD,0.464148175,1,ask,0.46672371,0.00554895,2024-12-08T18:43:26.361628716-05:00
DOGE-USD,0.46421884,1,ask,0.46679409,0.00554749,2024-12-08T18:44:26.536646931-05:00
DOGE-USD,0.46450578,1,ask,0.4671199,0.00562774,2024-12-08T18:45:26.744049541-05:00
DOGE-USD,0.46498406,1,ask,0.46756605,0.00555286,2024-12-08T18:46:26.92873935-05:00
DOGE-USD,0.464879615,1,ask,0.4674765,0.00558615,2024-12-08T18:47:27.106452615-05:00
DOGE-USD,0.464925195,1,ask,0.46752,0.00558112,2024-12-08T18:48:27.307872147-05:00
DOGE-USD,0.465915085,1,ask,0.46851126,0.00557221,2024-12-08T18:49:27.491247069-05:00
DOGE-USD,0.467464135,1,ask,0.47005979,0.00555263,2024-12-08T18:50:27.668205136-05:00
DOGE-USD,0.467563475,1,ask,0.4701654,0.00556486,2024-12-08T18:51:27.850919897-05:00
DOGE-USD,0.467567385,1,ask,0.47008387,0.00538208,2024-12-08T18:52:28.039848613-05:00
DOGE-USD,0.467463365,1,ask,0.47000313,0.00543308,2024-12-08T18:53:28.280861933-05:00
DOGE-USD,0.46772204,1,ask,0.47035681,0.0056332,2024-12-08T18:54:28.463619556-05:00
DOGE-USD,0.467880475,1,ask,0.47051045,0.00562104,2024-12-08T18:55:28.68872527-05:00
DOGE-USD,0.4674477,1,ask,0.4699694,0.00539461,2024-12-08T18:56:28.905455627-05:00
DOGE-USD,0.4678496,1,ask,0.4704528,0.00556418,2024-12-08T18:57:29.110016913-05:00
DOGE-USD,0.466936015,1,ask,0.46956048,0.00562061,2024-12-08T18:58:29.279373591-05:00
DOGE-USD,0.46703895,1,ask,0.46958824,0.00545841,2024-12-08T18:59:29.455660991-05:00
DOGE-USD,0.46716081,1,ask,0.46977139,0.00558818,2024-12-08T19:00:29.665771509-05:00
DOGE-USD,0.46694354,1,ask,0.46952578,0.00553009,2024-12-08T19:01:29.868836531-05:00
DOGE-USD,0.464965715,1,ask,0.46750107,0.00545278,2024-12-08T19:02:30.092708548-05:00
DOGE-USD,0.463345645,1,ask,0.46595007,0.00562091,2024-12-08T19:03:30.28070549-05:00
DOGE-USD,0.464648695,1,ask,0.46723346,0.00556284,2024-12-08T19:04:30.521532711-05:00
DOGE-USD,0.46316011,1,ask,0.46571823,0.00552319,2024-12-08T19:05:30.692469446-05:00
DOGE-USD,0.463176375,1,ask,0.46572975,0.00551275,2024-12-08T19:06:30.851450959-05:00
DOGE-USD,0.46342118,1,ask,0.46600361,0.00557253,2024-12-08T19:07:31.004683674-05:00
DOGE-USD,0.463415175,1,ask,0.46601149,0.00560257,2024-12-08T19:08:31.229907793-05:00
DOGE-USD,0.46318508,1,ask,0.46576613,0.00557239,2024-12-08T19:09:31.409833154-05:00
DOGE-USD,0.46333599,1,ask,0.46592081,0.00557872,2024-12-08T19:10:31.577786243-05:00
DOGE-USD,0.46332268,1,ask,0.46589815,0.0055587,2024-12-08T19:11:31.765822606-05:00
DOGE-USD,0.46335131,1,ask,0.46590927,0.00552056,2024-12-08T19:12:31.936608932-05:00
DOGE-USD,0.462958995,1,ask,0.46549485,0.00547749,2024-12-08T19:13:32.156213659-05:00
DOGE-USD,0.463604255,1,ask,0.46616835,0.00553078,2024-12-08T19:14:32.342569942-05:00
DOGE-USD,0.463045735,1,ask,0.46563447,0.00559067,2024-12-08T19:15:32.520938942-05:00
DOGE-USD,0.461312845,1,ask,0.46388835,0.00558299,2024-12-08T19:16:32.697860754-05:00
DOGE-USD,0.46129009,1,ask,0.4638783,0.00561081,2024-12-08T19:17:32.869678655-05:00
DOGE-USD,0.46120654,1,ask,0.4637703,0.00555881,2024-12-08T19:18:33.064436278-05:00
DOGE-USD,0.46070775,1,ask,0.46327992,0.00558308,2024-12-08T19:19:33.253016785-05:00
DOGE-USD,0.460552115,1,ask,0.46302223,0.00536338,2024-12-08T19:20:33.465470223-05:00
DOGE-USD,0.4623947,1,ask,0.4649285,0.00547973,2024-12-08T19:21:33.64988964-05:00
DOGE-USD,0.460965685,1,ask,0.46351247,0.00552489,2024-12-08T19:22:33.845825151-05:00
DOGE-USD,0.461013465,1,ask,0.463593,0.00559536,2024-12-08T19:23:34.048860965-05:00
DOGE-USD,0.46076361,1,ask,0.46335186,0.00561731,2024-12-08T19:24:34.24977217-05:00
DOGE-USD,0.460615935,1,ask,0.46321563,0.00564395,2024-12-08T19:25:34.423574082-05:00
DOGE-USD,0.459241015,1,ask,0.461845,0.00567019,2024-12-08T19:26:34.638662152-05:00
DOGE-USD,0.459711115,1,ask,0.46228513,0.0055992,2024-12-08T19:27:34.825733248-05:00
DOGE-USD,0.458508775,1,ask,0.46106317,0.00557109,2024-12-08T19:28:34.988726188-05:00
DOGE-USD,0.459476395,1,ask,0.46206142,0.00562602,2024-12-08T19:29:35.164329827-05:00
DOGE-USD,0.459032425,1,ask,0.46164276,0.0056866,2024-12-08T19:30:35.3574217-05:00
DOGE-USD,0.460301715,1,ask,0.46291366,0.00567442,2024-12-08T19:31:35.57169116-05:00
DOGE-USD,0.460577945,1,ask,0.46314873,0.00558165,2024-12-08T19:32:35.749104005-05:00
DOGE-USD,0.460558115,1,ask,0.46315455,0.00563758,2024-12-08T19:33:35.936347621-05:00
DOGE-USD,0.45769849,1,ask,0.4602748,0.00562884,2024-12-08T19:34:36.10740532-05:00
DOGE-USD,0.458090755,1,ask,0.46065541,0.00559857,2024-12-08T19:35:36.328567703-05:00
DOGE-USD,0.457338615,1,ask,0.45993223,0.0056711,2024-12-08T19:36:36.546588489-05:00
DOGE-USD,0.458561425,1,ask,0.46113385,0.00560977,2024-12-08T19:37:36.746282397-05:00
DOGE-USD,0.457182,1,ask,0.459799,0.0057242,2024-12-08T19:38:36.916856852-05:00
DOGE-USD,0.456946495,1,ask,0.4595167,0.00562474,2024-12-08T19:39:37.105894641-05:00
DOGE-USD,0.45679211,1,ask,0.45935522,0.00561111,2024-12-08T19:40:37.310665072-05:00
DOGE-USD,0.45734505,1,ask,0.4599231,0.00563699,2024-12-08T19:41:37.497732293-05:00
DOGE-USD,0.4562165,1,ask,0.4587352,0.00552084,2024-12-08T19:42:37.692485806-05:00
DOGE-USD,0.45562166,1,ask,0.45809312,0.00542437,2024-12-08T19:43:37.924004801-05:00
DOGE-USD,0.456352685,1,ask,0.45888757,0.00555466,2024-12-08T19:44:38.151570514-05:00
DOGE-USD,0.45768315,1,ask,0.460211,0.00552314,2024-12-08T19:45:38.358905122-05:00
DOGE-USD,0.45874515,1,ask,0.4612975,0.00556376,2024-12-08T19:46:38.527871664-05:00
DOGE-USD,0.457562615,1,ask,0.46010523,0.00555687,2024-12-08T19:47:38.726547383-05:00
DOGE-USD,0.458861,1,ask,0.46149,0.0057294,2024-12-08T19:48:38.895196544-05:00
DOGE-USD,0.45929364,1,ask,0.46189,0.00565294,2024-12-08T19:49:39.080654637-05:00
DOGE-USD,0.458540775,1,ask,0.46107424,0.00552506,2024-12-08T19:50:39.278090812-05:00
DOGE-USD,0.458021685,1,ask,0.460593,0.00561396,2024-12-08T19:51:39.527587091-05:00
DOGE-USD,0.45788018,1,ask,0.46041127,0.00552784,2024-12-08T19:52:39.712246212-05:00
DOGE-USD,0.45706995,1,ask,0.459589,0.0055113,2024-12-08T19:53:39.937192675-05:00
DOGE-USD,0.45659414,1,ask,0.45912228,0.00553695,2024-12-08T19:54:40.11856185-05:00
DOGE-USD,0.4557085,1,ask,0.45825,0.00557703,2024-12-08T19:55:40.284287888-05:00
DOGE-USD,0.456067275,1,ask,0.45858905,0.00552939,2024-12-08T19:56:40.466179092-05:00
DOGE-USD,0.45641553,1,ask,0.45897452,0.00560671,2024-12-08T19:57:40.65670859-05:00
DOGE-USD,0.45759497,1,ask,0.460123,0.0055246,2024-12-08T19:58:40.858774246-05:00
DOGE-USD,0.45758286,1,ask,0.4601231,0.00555143,2024-12-08T19:59:41.030886012-05:00
DOGE-USD,0.4584685,1,ask,0.461051,0.00563288,2024-12-08T20:00:41.215005467-05:00
DOGE-USD,0.45945831,1,ask,0.46201425,0.00556294,2024-12-08T20:01:41.37744722-05:00
DOGE-USD,0.458849935,1,ask,0.46147287,0.00571632,2024-12-08T20:02:41.597382143-05:00
DOGE-USD,0.45920781,1,ask,0.46182488,0.0056991,2024-12-08T20:03:41.771435405-05:00
DOGE-USD,0.45958555,1,ask,0.4621651,0.00561277,2024-12-08T20:04:41.938350434-05:00
DOGE-USD,0.460541865,1,ask,0.463157,0.00567839,2024-12-08T20:05:42.125716447-05:00
DOGE-USD,0.46082475,1,ask,0.463432,0.00565779,2024-12-08T20:06:42.293131458-05:00
DOGE-USD,0.46093766,1,ask,0.46353412,0.005633,2024-12-08T20:07:42.478452017-05:00
DOGE-USD,0.46066511,1,ask,0.46325132,0.00561408,2024-12-08T20:08:42.651620583-05:00
DOGE-USD,0.46065346,1,ask,0.46325549,0.00564856,2024-12-08T20:09:43.307709252-05:00
DOGE-USD,0.46030186,1,ask,0.462856,0.00554884,2024-12-08T20:10:43.51772698-05:00
DOGE-USD,0.46003413,1,ask,0.46259526,0.00556726,2024-12-08T20:11:43.77240859-05:00
DOGE-USD,0.45975233,1,ask,0.462268,0.00547179,2024-12-08T20:12:43.945093519-05:00
DOGE-USD,0.459669075,1,ask,0.46220094,0.00550802,2024-12-08T20:13:44.128055528-05:00
DOGE-USD,0.45951079,1,ask,0.46206948,0.00556829,2024-12-08T20:14:44.343740628-05:00
DOGE-USD,0.45904592,1,ask,0.46159794,0.0055594,2024-12-08T20:15:44.525505593-05:00
DOGE-USD,0.45908897,1,ask,0.46170703,0.00570273,2024-12-08T20:16:44.742488821-05:00
DOGE-USD,0.458671385,1,ask,0.46125972,0.00564311,2024-12-08T20:17:44.925989155-05:00
DOGE-USD,0.457997285,1,ask,0.46057403,0.00562611,2024-12-08T20:18:45.146799569-05:00
DOGE-USD,0.457011965,1,ask,0.45958619,0.00563273,2024-12-08T20:19:45.31057556-05:00
DOGE-USD,0.458161745,1,ask,0.46074763,0.00564404,2024-12-08T20:20:45.505584629-05:00
DOGE-USD,0.45867883,1,ask,0.46131092,0.00573842,2024-12-08T20:21:45.703914981-05:00
DOGE-USD,0.45835672,1,ask,0.46092493,0.00560308,2024-12-08T20:22:45.893399787-05:00
DOGE-USD,0.45855928,1,ask,0.46110131,0.00554351,2024-12-08T20:23:46.085076345-05:00
DOGE-USD,0.45817584,1,ask,0.46071,0.00553098,2024-12-08T20:24:46.309716823-05:00
DOGE-USD,0.459342785,1,ask,0.46188194,0.0055278,2024-12-08T20:25:46.520322389-05:00
DOGE-USD,0.45883753,1,ask,0.46138676,0.00555584,2024-12-08T20:26:46.727490407-05:00
DOGE-USD,0.459214325,1,ask,0.46179095,0.00561094,2024-12-08T20:27:46.886524934-05:00
DOGE-USD,0.460142265,1,ask,0.46268953,0.00553582,2024-12-08T20:28:47.054150735-05:00
DOGE-USD,0.460530625,1,ask,0.46310135,0.00558209,2024-12-08T20:29:47.225110261-05:00
DOGE-USD,0.46015081,1,ask,0.46268662,0.00551082,2024-12-08T20:30:47.456721705-05:00
DOGE-USD,0.4606453,1,ask,0.4631756,0.00549295,2024-12-08T20:31:47.673565974-05:00
DOGE-USD,0.460208565,1,ask,0.46274898,0.00552014,2024-12-08T20:32:47.86054789-05:00
DOGE-USD,0.46008855,1,ask,0.46266969,0.00561009,2024-12-08T20:33:48.078841301-05:00
DOGE-USD,0.46014516,1,ask,0.46271939,0.00559439,2024-12-08T20:34:48.242673406-05:00
DOGE-USD,0.46029233,1,ask,0.462827,0.00550665,2024-12-08T20:35:48.417930692-05:00
DOGE-USD,0.459234155,1,ask,0.461735,0.00544569,2024-12-08T20:36:48.630448245-05:00
DOGE-USD,0.45790316,1,ask,0.46047529,0.00561719,2024-12-08T20:37:48.847927317-05:00
DOGE-USD,0.45780599,1,ask,0.460271,0.0053844,2024-12-08T20:38:49.043805079-05:00
DOGE-USD,0.45772011,1,ask,0.46026215,0.0055537,2024-12-08T20:39:49.242979694-05:00
DOGE-USD,0.458435645,1,ask,0.460981,0.00555226,2024-12-08T20:40:49.435966836-05:00
DOGE-USD,0.45752331,1,ask,0.46003383,0.0054872,2024-12-08T20:41:49.68856593-05:00
DOGE-USD,0.456380755,1,ask,0.45891477,0.00555241,2024-12-08T20:42:49.859115869-05:00
DOGE-USD,0.455638985,1,ask,0.45816064,0.00553433,2024-12-08T20:43:50.029887816-05:00
DOGE-USD,0.45569593,1,ask,0.45824751,0.0055993,2024-12-08T20:44:50.178508379-05:00
DOGE-USD,0.455313,1,ask,0.457894,0.00566863,2024-12-08T20:45:50.350717209-05:00
DOGE-USD,0.45489897,1,ask,0.457484,0.00568265,2024-12-08T20:46:50.524416982-05:00
DOGE-USD,0.45374379,1,ask,0.45633458,0.00570981,2024-12-08T20:47:50.717309563-05:00
DOGE-USD,0.453631165,1,ask,0.456102,0.00544679,2024-12-08T20:48:50.974710861-05:00
DOGE-USD,0.453964405,1,ask,0.456569,0.00573744,2024-12-08T20:49:51.13563258-05:00
DOGE-USD,0.453283,1,ask,0.455904,0.00578226,2024-12-08T20:50:51.32519523-05:00
DOGE-USD,0.453862415,1,ask,0.45645878,0.0057206,2024-12-08T20:51:51.535983025-05:00
DOGE-USD,0.45343719,1,ask,0.456026,0.0057093,2024-12-08T20:52:51.697960636-05:00
DOGE-USD,0.45382597,1,ask,0.45643561,0.00575031,2024-12-08T20:53:51.895011457-05:00
DOGE-USD,0.454159385,1,ask,0.45670724,0.00561005,2024-12-08T20:54:52.070296955-05:00
DOGE-USD,0.45433794,1,ask,0.4569649,0.00578195,2024-12-08T20:55:52.287579948-05:00
DOGE-USD,0.45377243,1,ask,0.45638196,0.00575075,2024-12-08T20:56:52.453246332-05:00
DOGE-USD,0.453429925,1,ask,0.45601637,0.00570418,2024-12-08T20:57:52.646104519-05:00
DOGE-USD,0.454081895,1,ask,0.45666533,0.00568936,2024-12-08T20:58:52.850119797-05:00
DOGE-USD,0.45368199,1,ask,0.45611782,0.00536903,2024-12-08T20:59:53.028121707-05:00
DOGE-USD,0.4525078,1,ask,0.45482164,0.00511337,2024-12-08T21:00:53.239012054-05:00
DOGE-USD,0.453800745,1,ask,0.45637,0.00566164,2024-12-08T21:01:53.499209799-05:00
DOGE-USD,0.453424115,1,ask,0.4559627,0.0055987,2024-12-08T21:02:53.68625797-05:00
DOGE-USD,0.452900685,1,ask,0.45537337,0.00545966,2024-12-08T21:03:53.918102161-05:00
DOGE-USD,0.45247487,1,ask,0.45492313,0.00541082,2024-12-08T21:04:54.082874514-05:00
DOGE-USD,0.451669025,1,ask,0.45405405,0.00528047,2024-12-08T21:05:54.250912554-05:00
DOGE-USD,0.45324253,1,ask,0.45564906,0.00530959,2024-12-08T21:06:54.461488322-05:00
DOGE-USD,0.454856365,1,ask,0.45742173,0.00563995,2024-12-08T21:07:54.674769277-05:00
DOGE-USD,0.454745845,1,ask,0.45720169,0.00540048,2024-12-08T21:08:54.869146461-05:00
DOGE-USD,0.454118225,1,ask,0.45659945,0.00546383,2024-12-08T21:09:55.054939181-05:00
DOGE-USD,0.4544179,1,ask,0.4569078,0.00547932,2024-12-08T21:10:55.232504396-05:00
DOGE-USD,0.455602,1,ask,0.457904,0.00505266,2024-12-08T21:11:55.429168491-05:00
DOGE-USD,0.4553385,1,ask,0.457904,0.00563427,2024-12-08T21:12:55.589490428-05:00
DOGE-USD,0.455170595,1,ask,0.4577252,0.00561241,2024-12-08T21:13:55.791708556-05:00
DOGE-USD,0.455009725,1,ask,0.45758247,0.00565426,2024-12-08T21:14:56.018684309-05:00
DOGE-USD,0.454806325,1,ask,0.45734865,0.00558991,2024-12-08T21:15:56.188965038-05:00
DOGE-USD,0.454273265,1,ask,0.45685253,0.00567778,2024-12-08T21:16:56.393724188-05:00
DOGE-USD,0.454339825,1,ask,0.456909,0.00565474,2024-12-08T21:17:56.589750713-05:00
DOGE-USD,0.453615,1,ask,0.456133,0.00555096,2024-12-08T21:18:56.769354418-05:00
DOGE-USD,0.452311615,1,ask,0.45487508,0.00566748,2024-12-08T21:19:56.950534545-05:00
DOGE-USD,0.452494285,1,ask,0.45510393,0.00576724,2024-12-08T21:20:57.160648764-05:00
DOGE-USD,0.4523827,1,ask,0.45500368,0.00579372,2024-12-08T21:21:57.370645986-05:00
DOGE-USD,0.452317,1,ask,0.454814,0.00552046,2024-12-08T21:22:57.596417161-05:00
DOGE-USD,0.45245208,1,ask,0.45502142,0.0056787,2024-12-08T21:23:57.825479747-05:00
DOGE-USD,0.452027475,1,ask,0.45458895,0.00566664,2024-12-08T21:24:58.015125075-05:00
DOGE-USD,0.45172342,1,ask,0.45417084,0.00541796,2024-12-08T21:25:58.198772674-05:00
DOGE-USD,0.450993325,1,ask,0.45358742,0.00575196,2024-12-08T21:26:58.3704465-05:00
DOGE-USD,0.45107463,1,ask,0.45363826,0.00568338,2024-12-08T21:27:58.546604044-05:00
DOGE-USD,0.450744035,1,ask,0.45328218,0.00563101,2024-12-08T21:28:58.75711067-05:00
DOGE-USD,0.450987945,1,ask,0.45351502,0.00560342,2024-12-08T21:29:58.948369341-05:00
DOGE-USD,0.451309315,1,ask,0.45379176,0.00550054,2024-12-08T21:30:59.171811368-05:00
DOGE-USD,0.451610435,1,ask,0.45415257,0.00562904,2024-12-08T21:31:59.374682083-05:00
DOGE-USD,0.4508486,1,ask,0.45337117,0.00559516,2024-12-08T21:32:59.565538278-05:00
DOGE-USD,0.45184014,1,ask,0.45437628,0.00561291,2024-12-08T21:33:59.786208566-05:00
DOGE-USD,0.45160845,1,ask,0.45418118,0.00569682,2024-12-08T21:34:59.96191382-05:00
DOGE-USD,0.45237634,1,ask,0.45496756,0.00572802,2024-12-08T21:36:00.168946501-05:00
DOGE-USD,0.45299713,1,ask,0.45558974,0.00572324,2024-12-08T21:37:00.374742402-05:00
DOGE-USD,0.45187234,1,ask,0.4544576,0.00572122,2024-12-08T21:38:00.592341376-05:00
DOGE-USD,0.452361015,1,ask,0.45494042,0.00570209,2024-12-08T21:39:00.772662662-05:00
DOGE-USD,0.451344775,1,ask,0.45390955,0.00568252,2024-12-08T21:40:00.973561553-05:00
DOGE-USD,0.451360165,1,ask,0.45394402,0.0057246,2024-12-08T21:41:01.178898024-05:00
DOGE-USD,0.45160941,1,ask,0.4541903,0.00571487,2024-12-08T21:42:01.370696527-05:00
DOGE-USD,0.451721405,1,ask,0.4542154,0.00552109,2024-12-08T21:43:01.571525303-05:00
DOGE-USD,0.45191073,1,ask,0.45442521,0.00556411,2024-12-08T21:44:01.803781317-05:00
DOGE-USD,0.451405895,1,ask,0.45393379,0.00560005,2024-12-08T21:45:01.984599759-05:00
DOGE-USD,0.45081508,1,ask,0.45330055,0.00551328,2024-12-08T21:46:02.16517353-05:00
DOGE-USD,0.4511913,1,ask,0.4536896,0.00553712,2024-12-08T21:47:02.35656239-05:00
DOGE-USD,0.4512347,1,ask,0.45372285,0.00551409,2024-12-08T21:48:02.546975141-05:00
DOGE-USD,0.45051769,1,ask,0.452985,0.00547661,2024-12-08T21:49:02.736857914-05:00
DOGE-USD,0.44983162,1,ask,0.45232524,0.00554345,2024-12-08T21:50:02.925467432-05:00
DOGE-USD,0.45003679,1,ask,0.4525565,0.0055989,2024-12-08T21:51:03.099445901-05:00
DOGE-USD,0.450689345,1,ask,0.45320183,0.00557476,2024-12-08T21:52:03.27176774-05:00
DOGE-USD,0.45198157,1,ask,0.45442014,0.00539529,2024-12-08T21:53:03.483836679-05:00
DOGE-USD,0.452512705,1,ask,0.45506441,0.00563897,2024-12-08T21:54:03.723632614-05:00
DOGE-USD,0.45304945,1,ask,0.45559408,0.00561667,2024-12-08T21:55:03.908829251-05:00
DOGE-USD,0.45247835,1,ask,0.4549997,0.00557231,2024-12-08T21:56:04.134127729-05:00
DOGE-USD,0.4522264,1,ask,0.45477653,0.00563906,2024-12-08T21:57:04.359570333-05:00
DOGE-USD,0.4530476,1,ask,0.4555492,0.00552172,2024-12-08T21:58:04.599102236-05:00
DOGE-USD,0.453296325,1,ask,0.4558563,0.00564746,2024-12-08T21:59:04.79381501-05:00
DOGE-USD,0.453676815,1,ask,0.45623936,0.00564839,2024-12-08T22:00:04.978473241-05:00
DOGE-USD,0.454459445,1,ask,0.45700729,0.00560632,2024-12-08T22:01:05.153518908-05:00
DOGE-USD,0.453713205,1,ask,0.45629281,0.00568554,2024-12-08T22:02:05.33563565-05:00
DOGE-USD,0.454085575,1,ask,0.45661929,0.00557982,2024-12-08T22:03:05.506448519-05:00
DOGE-USD,0.45505466,1,ask,0.457553,0.0054902,2024-12-08T22:04:05.697922889-05:00
DOGE-USD,0.454949155,1,ask,0.457521,0.00565304,2024-12-08T22:05:05.926935025-05:00
DOGE-USD,0.45481178,1,ask,0.45745,0.00580069,2024-12-08T22:06:06.166890998-05:00
DOGE-USD,0.45449149,1,ask,0.45709821,0.00573546,2024-12-08T22:07:06.372767853-05:00
DOGE-USD,0.45428549,1,ask,0.45686,0.00566716,2024-12-08T22:08:06.583147419-05:00
DOGE-USD,0.454326595,1,ask,0.45684499,0.00554314,2024-12-08T22:09:06.76299107-05:00
DOGE-USD,0.454298715,1,ask,0.45683046,0.00557286,2024-12-08T22:10:06.940039372-05:00
DOGE-USD,0.454511015,1,ask,0.45706242,0.00561352,2024-12-08T22:11:07.111639381-05:00
DOGE-USD,0.454432445,1,ask,0.45691023,0.00545248,2024-12-08T22:12:07.335686956-05:00
DOGE-USD,0.4547152,1,ask,0.45722216,0.00551325,2024-12-08T22:13:07.507940482-05:00
DOGE-USD,0.45496205,1,ask,0.45747718,0.00552822,2024-12-08T22:14:07.703279665-05:00
DOGE-USD,0.45434448,1,ask,0.45684148,0.00549583,2024-12-08T22:15:07.922905884-05:00
DOGE-USD,0.455232985,1,ask,0.457702,0.00542363,2024-12-08T22:16:08.100078596-05:00
DOGE-USD,0.455270595,1,ask,0.45780586,0.0055687,2024-12-08T22:17:08.28516696-05:00
DOGE-USD,0.454986695,1,ask,0.4575243,0.00557732,2024-12-08T22:18:08.497627312-05:00
DOGE-USD,0.454494195,1,ask,0.45703873,0.00559861,2024-12-08T22:19:08.68080839-05:00
DOGE-USD,0.454289825,1,ask,0.45679905,0.0055234,2024-12-08T22:20:08.868382476-05:00
DOGE-USD,0.45419262,1,ask,0.45673801,0.00560421,2024-12-08T22:21:09.040459807-05:00
DOGE-USD,0.453983655,1,ask,0.45656538,0.00568682,2024-12-08T22:22:09.216833221-05:00
DOGE-USD,0.45284131,1,ask,0.45537391,0.00559269,2024-12-08T22:23:09.395530408-05:00
DOGE-USD,0.452693995,1,ask,0.45515885,0.00544486,2024-12-08T22:24:09.597164886-05:00
DOGE-USD,0.4519566,1,ask,0.45452306,0.00567855,2024-12-08T22:25:09.758951535-05:00
DOGE-USD,0.452744565,1,ask,0.45527988,0.00559988,2024-12-08T22:26:09.958671842-05:00
DOGE-USD,0.452649475,1,ask,0.45518284,0.00559675,2024-12-08T22:27:10.169302802-05:00
DOGE-USD,0.45321277,1,ask,0.45573892,0.00557387,2024-12-08T22:28:10.331754676-05:00
DOGE-USD,0.454000195,1,ask,0.45654799,0.00561188,2024-12-08T22:29:10.533915957-05:00
DOGE-USD,0.452777325,1,ask,0.45531556,0.00560592,2024-12-08T22:30:10.702140664-05:00
DOGE-USD,0.453598865,1,ask,0.45616669,0.005661,2024-12-08T22:31:10.920092757-05:00
DOGE-USD,0.453034505,1,ask,0.4555614,0.00557771,2024-12-08T22:32:11.103822154-05:00
DOGE-USD,0.45319559,1,ask,0.45573592,0.00560537,2024-12-08T22:33:11.275556787-05:00
DOGE-USD,0.452115065,1,ask,0.45463113,0.0055651,2024-12-08T22:34:11.48241813-05:00
DOGE-USD,0.452675525,1,ask,0.45516069,0.00548995,2024-12-08T22:35:11.69011561-05:00
DOGE-USD,0.451958305,1,ask,0.45446047,0.00553627,2024-12-08T22:36:11.895881807-05:00
DOGE-USD,0.45130105,1,ask,0.4538041,0.0055463,2024-12-08T22:37:12.142615435-05:00
DOGE-USD,0.451386895,1,ask,0.45389379,0.00555376,2024-12-08T22:38:12.322813313-05:00
DOGE-USD,0.450771725,1,ask,0.45331765,0.00564793,2024-12-08T22:39:12.498835593-05:00
DOGE-USD,0.45090528,1,ask,0.4534185,0.00557372,2024-12-08T22:40:12.659709596-05:00
DOGE-USD,0.45022738,1,ask,0.45265224,0.00538586,2024-12-08T22:41:12.84290873-05:00
DOGE-USD,0.45129104,1,ask,0.45389188,0.00576311,2024-12-08T22:42:13.042340862-05:00
DOGE-USD,0.451041915,1,ask,0.45358596,0.00564037,2024-12-08T22:43:13.267704926-05:00
DOGE-USD,0.45141042,1,ask,0.45398127,0.00569515,2024-12-08T22:44:13.466807587-05:00
DOGE-USD,0.45081885,1,ask,0.45336776,0.00565396,2024-12-08T22:45:13.634433503-05:00
DOGE-USD,0.45001577,1,ask,0.4525551,0.00564276,2024-12-08T22:46:13.817188229-05:00
DOGE-USD,0.450672565,1,ask,0.453218,0.00564808,2024-12-08T22:47:14.002643944-05:00
DOGE-USD,0.449439,1,ask,0.451942,0.00556917,2024-12-08T22:48:14.184189256-05:00
DOGE-USD,0.448099085,1,ask,0.45058317,0.00554361,2024-12-08T22:49:14.365628771-05:00
DOGE-USD,0.447774275,1,ask,0.45029755,0.00563515,2024-12-08T22:50:14.527789865-05:00
DOGE-USD,0.447453695,1,ask,0.44999263,0.00567418,2024-12-08T22:51:14.720119283-05:00
DOGE-USD,0.44712952,1,ask,0.449634,0.00560124,2024-12-08T22:52:14.907191408-05:00
DOGE-USD,0.447074845,1,ask,0.44955683,0.00555161,2024-12-08T22:53:15.075582525-05:00
DOGE-USD,0.44645936,1,ask,0.448965,0.00561225,2024-12-08T22:54:15.283260126-05:00
DOGE-USD,0.44860601,1,ask,0.45107802,0.00551043,2024-12-08T22:55:15.456171588-05:00
DOGE-USD,0.449621155,1,ask,0.45206531,0.00543603,2024-12-08T22:56:15.640322058-05:00
DOGE-USD,0.45083506,1,ask,0.45335012,0.00557867,2024-12-08T22:57:15.815629153-05:00
DOGE-USD,0.45069833,1,ask,0.45324366,0.00564752,2024-12-08T22:58:15.986104446-05:00
DOGE-USD,0.4516215,1,ask,0.454124,0.00554114,2024-12-08T22:59:16.175635513-05:00
DOGE-USD,0.451572475,1,ask,0.45414995,0.00570778,2024-12-08T23:00:16.361809138-05:00
DOGE-USD,0.45123508,1,ask,0.45372285,0.00551325,2024-12-08T23:01:16.527998714-05:00
DOGE-USD,0.45245142,1,ask,0.454982,0.00559304,2024-12-08T23:02:16.680966742-05:00
DOGE-USD,0.453198715,1,ask,0.45571081,0.00554303,2024-12-08T23:03:16.890871284-05:00
DOGE-USD,0.45438084,1,ask,0.456946,0.0056454,2024-12-08T23:04:17.094127381-05:00
DOGE-USD,0.4534621,1,ask,0.4559842,0.00556188,2024-12-08T23:05:17.307751663-05:00
DOGE-USD,0.453867765,1,ask,0.45636753,0.00550769,2024-12-08T23:06:17.500096228-05:00
DOGE-USD,0.45342214,1,ask,0.45592165,0.00551255,2024-12-08T23:07:17.663880521-05:00
DOGE-USD,0.45355602,1,ask,0.45598783,0.00536165,2024-12-08T23:08:17.855648783-05:00
DOGE-USD,0.45407791,1,ask,0.45655424,0.00545354,2024-12-08T23:09:18.021464413-05:00
DOGE-USD,0.45383155,1,ask,0.45629395,0.0054258,2024-12-08T23:10:18.523465889-05:00
DOGE-USD,0.453484905,1,ask,0.45602659,0.00560478,2024-12-08T23:11:18.672790467-05:00
DOGE-USD,0.453387285,1,ask,0.45591057,0.00556541,2024-12-08T23:12:18.82737646-05:00
DOGE-USD,0.452850025,1,ask,0.45536405,0.00555156,2024-12-08T23:13:18.978493355-05:00
DOGE-USD,0.45286211,1,ask,0.45535173,0.00549752,2024-12-08T23:14:19.13044075-05:00
DOGE-USD,0.452453125,1,ask,0.45489625,0.00539973,2024-12-08T23:15:19.302828197-05:00
DOGE-USD,0.452853845,1,ask,0.45524469,0.00527951,2024-12-08T23:16:19.448534288-05:00
DOGE-USD,0.452933685,1,ask,0.45537537,0.00539082,2024-12-08T23:17:19.600737331-05:00
DOGE-USD,0.451848935,1,ask,0.45427587,0.00537112,2024-12-08T23:18:19.754351675-05:00
DOGE-USD,0.4508253,1,ask,0.4532576,0.00539522,2024-12-08T23:19:19.903465618-05:00
DOGE-USD,0.45072173,1,ask,0.45309946,0.00527538,2024-12-08T23:20:20.055426002-05:00
DOGE-USD,0.45021136,1,ask,0.45262972,0.00537161,2024-12-08T23:21:20.191961222-05:00
DOGE-USD,0.44991003,1,ask,0.45229806,0.00530779,2024-12-08T23:22:20.336510211-05:00
DOGE-USD,0.44942407,1,ask,0.45191314,0.00553835,2024-12-08T23:23:20.505810613-05:00
DOGE-USD,0.449484105,1,ask,0.45193221,0.00544648,2024-12-08T23:24:20.636595033-05:00
DOGE-USD,0.449159845,1,ask,0.45171269,0.0056836,2024-12-08T23:25:20.786197997-05:00
DOGE-USD,0.447873,1,ask,0.450445,0.0057427,2024-12-08T23:26:20.941943279-05:00
DOGE-USD,0.449352415,1,ask,0.451867,0.00559602,2024-12-08T23:27:21.112199112-05:00
DOGE-USD,0.449547665,1,ask,0.45208633,0.00564715,2024-12-08T23:28:21.264752144-05:00
DOGE-USD,0.450181135,1,ask,0.45266127,0.00550919,2024-12-08T23:29:21.405935003-05:00
DOGE-USD,0.4504864,1,ask,0.453041,0.00567076,2024-12-08T23:30:21.82689018-05:00
DOGE-USD,0.45032492,1,ask,0.45283684,0.00557802,2024-12-08T23:31:21.98056429-05:00
DOGE-USD,0.45041062,1,ask,0.45288724,0.00549858,2024-12-08T23:32:22.133465041-05:00
DOGE-USD,0.45109276,1,ask,0.45363452,0.00563467,2024-12-08T23:33:22.331263521-05:00
DOGE-USD,0.451590665,1,ask,0.45412733,0.00561718,2024-12-08T23:34:22.547328351-05:00
DOGE-USD,0.45222799,1,ask,0.45476998,0.00562104,2024-12-08T23:35:22.722548305-05:00
DOGE-USD,0.45173056,1,ask,0.45426012,0.00559971,2024-12-08T23:36:22.91474156-05:00
DOGE-USD,0.452095365,1,ask,0.45453573,0.0053979,2024-12-08T23:37:23.111209236-05:00
DOGE-USD,0.45187376,1,ask,0.45438361,0.00555432,2024-12-08T23:38:23.27392954-05:00
DOGE-USD,0.45177079,1,ask,0.45430558,0.00561079,2024-12-08T23:39:23.45102028-05:00
DOGE-USD,0.452120085,1,ask,0.45461317,0.00551421,2024-12-08T23:40:23.634644217-05:00
DOGE-USD,0.4527561,1,ask,0.455293,0.00560324,2024-12-08T23:41:23.815903268-05:00
DOGE-USD,0.4533649,1,ask,0.455894,0.00557851,2024-12-08T23:42:23.990630103-05:00
DOGE-USD,0.452927385,1,ask,0.45549003,0.00565796,2024-12-08T23:43:24.161914415-05:00
DOGE-USD,0.45256121,1,ask,0.45510842,0.00562843,2024-12-08T23:44:24.327363695-05:00
DOGE-USD,0.453182915,1,ask,0.45562983,0.0053994,2024-12-08T23:45:24.509321555-05:00
DOGE-USD,0.453402285,1,ask,0.45592899,0.00557277,2024-12-08T23:46:24.683682528-05:00
DOGE-USD,0.452783215,1,ask,0.45528343,0.00552188,2024-12-08T23:47:24.851422394-05:00
DOGE-USD,0.452638035,1,ask,0.45511807,0.00547907,2024-12-08T23:48:25.039595277-05:00
DOGE-USD,0.452222215,1,ask,0.45474238,0.00557285,2024-12-08T23:49:25.249941732-05:00
DOGE-USD,0.452629325,1,ask,0.45509965,0.00545772,2024-12-08T23:50:25.410097415-05:00
DOGE-USD,0.45289155,1,ask,0.4553251,0.00537336,2024-12-08T23:51:25.616762951-05:00
DOGE-USD,0.45391495,1,ask,0.4563809,0.00543263,2024-12-08T23:52:25.807167673-05:00
DOGE-USD,0.45347508,1,ask,0.45597513,0.00551309,2024-12-08T23:53:26.011322747-05:00
DOGE-USD,0.45342148,1,ask,0.45596212,0.00560326,2024-12-08T23:54:26.157279736-05:00
DOGE-USD,0.453677,1,ask,0.456164,0.00548187,2024-12-08T23:55:26.317220855-05:00
DOGE-USD,0.45362508,1,ask,0.45612595,0.00551308,2024-12-08T23:56:26.492800086-05:00
DOGE-USD,0.453769725,1,ask,0.45622628,0.00541366,2024-12-08T23:57:26.699039356-05:00
DOGE-USD,0.453793745,1,ask,0.45616749,0.00523089,2024-12-08T23:58:26.858654987-05:00
DOGE-USD,0.45398792,1,ask,0.45638484,0.0052797,2024-12-08T23:59:27.033646896-05:00
DOGE-USD,0.45387195,1,ask,0.45636111,0.00548428,2024-12-09T00:00:27.204002122-05:00
DOGE-USD,0.45350059,1,ask,0.45593664,0.00537166,2024-12-09T00:01:27.404110205-05:00
DOGE-USD,0.45366231,1,ask,0.45612451,0.00542738,2024-12-09T00:02:27.594796546-05:00
DOGE-USD,0.454583675,1,ask,0.45702617,0.00537304,2024-12-09T00:03:27.766492164-05:00
DOGE-USD,0.454501955,1,ask,0.45695479,0.00539675,2024-12-09T00:04:27.912992719-05:00
DOGE-USD,0.454282215,1,ask,0.456754,0.00544108,2024-12-09T00:05:28.114815367-05:00
DOGE-USD,0.45379658,1,ask,0.45627111,0.00545295,2024-12-09T00:06:28.262744508-05:00
DOGE-USD,0.45446977,1,ask,0.456991,0.00554763,2024-12-09T00:07:28.414191668-05:00
DOGE-USD,0.45409467,1,ask,0.45658776,0.00549024,2024-12-09T00:08:28.566192289-05:00
DOGE-USD,0.45468299,1,ask,0.457216,0.00557094,2024-12-09T00:09:28.740439156-05:00
DOGE-USD,0.454675665,1,ask,0.45714309,0.00542678,2024-12-09T00:10:28.911832602-05:00
DOGE-USD,0.45472066,1,ask,0.457197,0.00544585,2024-12-09T00:11:29.09167244-05:00
DOGE-USD,0.45488422,1,ask,0.457365,0.00545365,2024-12-09T00:12:29.261383402-05:00
DOGE-USD,0.454268715,1,ask,0.456727,0.00541152,2024-12-09T00:13:29.433219035-05:00
DOGE-USD,0.454335105,1,ask,0.45682,0.0054693,2024-12-09T00:14:29.628353505-05:00
DOGE-USD,0.45418139,1,ask,0.456689,0.00552116,2024-12-09T00:15:29.826091175-05:00
DOGE-USD,0.45403372,1,ask,0.4565491,0.00554007,2024-12-09T00:16:30.011358336-05:00
DOGE-USD,0.453823435,1,ask,0.45631748,0.00549563,2024-12-09T00:17:30.18100138-05:00
DOGE-USD,0.45373353,1,ask,0.45618739,0.00540815,2024-12-09T00:18:30.387581594-05:00
DOGE-USD,0.453767615,1,ask,0.45618228,0.00532137,2024-12-09T00:19:30.543301921-05:00
DOGE-USD,0.453549975,1,ask,0.4560129,0.00543033,2024-12-09T00:20:30.806087901-05:00
DOGE-USD,0.452681285,1,ask,0.45521491,0.00559693,2024-12-09T00:21:30.995156668-05:00
DOGE-USD,0.453324565,1,ask,0.45582813,0.00552268,2024-12-09T00:22:31.135648581-05:00
DOGE-USD,0.45317907,1,ask,0.45569714,0.00555646,2024-12-09T00:23:31.275870804-05:00
DOGE-USD,0.453158925,1,ask,0.45563488,0.00546377,2024-12-09T00:24:31.432468586-05:00
DOGE-USD,0.45320604,1,ask,0.45568933,0.00547938,2024-12-09T00:25:31.586202975-05:00
DOGE-USD,0.45356676,1,ask,0.45605013,0.0054752,2024-12-09T00:26:31.755941534-05:00
DOGE-USD,0.4533591,1,ask,0.4558502,0.00549476,2024-12-09T00:27:31.928729207-05:00
DOGE-USD,0.453197855,1,ask,0.45559969,0.00529975,2024-12-09T00:28:32.089819264-05:00
DOGE-USD,0.4532684,1,ask,0.45569471,0.00535292,2024-12-09T00:29:32.253575497-05:00
DOGE-USD,0.453092065,1,ask,0.45549121,0.00529505,2024-12-09T00:30:32.434296388-05:00
DOGE-USD,0.453234205,1,ask,0.45567239,0.00537953,2024-12-09T00:31:32.587774601-05:00
DOGE-USD,0.45313646,1,ask,0.45557635,0.00538445,2024-12-09T00:32:32.743503881-05:00
DOGE-USD,0.453328985,1,ask,0.45578239,0.00541197,2024-12-09T00:33:32.884769652-05:00
DOGE-USD,0.45382444,1,ask,0.45627604,0.00540209,2024-12-09T00:34:33.040449617-05:00
DOGE-USD,0.453722375,1,ask,0.45621114,0.00548522,2024-12-09T00:35:33.179107288-05:00
DOGE-USD,0.45385857,1,ask,0.45635424,0.00549878,2024-12-09T00:36:33.339658034-05:00
DOGE-USD,0.453600005,1,ask,0.45611296,0.00554002,2024-12-09T00:37:33.494178565-05:00
DOGE-USD,0.453458115,1,ask,0.4559412,0.00547589,2024-12-09T00:38:33.651238561-05:00
DOGE-USD,0.45299011,1,ask,0.4554925,0.00552416,2024-12-09T00:39:33.796471513-05:00
DOGE-USD,0.45232403,1,ask,0.45480046,0.0054749,2024-12-09T00:40:33.952792217-05:00
DOGE-USD,0.452456475,1,ask,0.45495595,0.00552423,2024-12-09T00:41:34.112378952-05:00
DOGE-USD,0.45234206,1,ask,0.45477322,0.00537461,2024-12-09T00:42:34.269185657-05:00
DOGE-USD,0.45271411,1,ask,0.45515299,0.00538724,2024-12-09T00:43:34.419296462-05:00
DOGE-USD,0.453446125,1,ask,0.45591722,0.00544959,2024-12-09T00:44:34.575366058-05:00
DOGE-USD,0.45334572,1,ask,0.45583575,0.00549256,2024-12-09T00:45:34.712203526-05:00
DOGE-USD,0.45359498,1,ask,0.45604586,0.00540323,2024-12-09T00:46:34.843079808-05:00
DOGE-USD,0.453505135,1,ask,0.455963,0.00541971,2024-12-09T00:47:34.987006611-05:00
DOGE-USD,0.454269185,1,ask,0.45672794,0.00541255,2024-12-09T00:48:35.116368569-05:00
DOGE-USD,0.45440307,1,ask,0.45686642,0.00542107,2024-12-09T00:49:35.267983014-05:00
DOGE-USD,0.454077695,1,ask,0.45651403,0.00536546,2024-12-09T00:50:35.423556633-05:00
DOGE-USD,0.45399926,1,ask,0.45644666,0.00539076,2024-12-09T00:51:35.579419196-05:00
DOGE-USD,0.45384785,1,ask,0.45628675,0.00537383,2024-12-09T00:52:35.727254163-05:00
DOGE-USD,0.45401954,1,ask,0.45645739,0.00536948,2024-12-09T00:53:35.876593726-05:00
DOGE-USD,0.45405236,1,ask,0.45648176,0.00535048,2024-12-09T00:54:36.020667851-05:00
DOGE-USD,0.453588525,1,ask,0.45604289,0.00541099,2024-12-09T00:55:36.170088844-05:00
DOGE-USD,0.453037345,1,ask,0.45549117,0.00541639,2024-12-09T00:56:36.317728906-05:00
DOGE-USD,0.453020145,1,ask,0.45541334,0.00528276,2024-12-09T00:57:36.471376608-05:00
DOGE-USD,0.452841925,1,ask,0.45520608,0.00522071,2024-12-09T00:58:36.631178785-05:00
DOGE-USD,0.453038935,1,ask,0.45546086,0.00534595,2024-12-09T00:59:36.783415799-05:00
DOGE-USD,0.453184875,1,ask,0.4556334,0.00540293,2024-12-09T01:00:36.926316068-05:00
DOGE-USD,0.452818195,1,ask,0.45525807,0.0053882,2024-12-09T01:01:37.079790265-05:00
DOGE-USD,0.45197396,1,ask,0.45441856,0.00540872,2024-12-09T01:02:37.22733644-05:00
DOGE-USD,0.452737585,1,ask,0.45521619,0.00547471,2024-12-09T01:03:37.397390795-05:00
DOGE-USD,0.452575015,1,ask,0.45507006,0.005513,2024-12-09T01:04:37.555206064-05:00
DOGE-USD,0.452099055,1,ask,0.45455573,0.00543393,2024-12-09T01:05:37.675137342-05:00
DOGE-USD,0.45118103,1,ask,0.45361306,0.00539036,2024-12-09T01:06:37.837671179-05:00
DOGE-USD,0.450603975,1,ask,0.45309713,0.00553292,2024-12-09T01:07:37.998259009-05:00
DOGE-USD,0.45117712,1,ask,0.4536503,0.00548162,2024-12-09T01:08:38.145350954-05:00
DOGE-USD,0.450836585,1,ask,0.45334077,0.00555453,2024-12-09T01:09:38.305967215-05:00
DOGE-USD,0.450045935,1,ask,0.45251243,0.00548054,2024-12-09T01:10:38.47073952-05:00
DOGE-USD,0.450269525,1,ask,0.45275999,0.00553105,2024-12-09T01:11:38.624958688-05:00
DOGE-USD,0.44998183,1,ask,0.45246945,0.00552827,2024-12-09T01:12:38.783259994-05:00
DOGE-USD,0.450331575,1,ask,0.45282798,0.00554348,2024-12-09T01:13:38.928316918-05:00
DOGE-USD,0.450210515,1,ask,0.45267819,0.00548116,2024-12-09T01:14:39.090116499-05:00
DOGE-USD,0.45003361,1,ask,0.45250622,0.00549428,2024-12-09T01:15:39.24773906-05:00
DOGE-USD,0.45101017,1,ask,0.453499,0.00551835,2024-12-09T01:16:39.401361467-05:00
DOGE-USD,0.450910985,1,ask,0.45329397,0.00528482,2024-12-09T01:17:39.562192334-05:00
DOGE-USD,0.449728545,1,ask,0.45211409,0.00530441,2024-12-09T01:18:39.726837699-05:00
DOGE-USD,0.44907011,1,ask,0.45155102,0.00552455,2024-12-09T01:19:39.896614895-05:00
DOGE-USD,0.44863756,1,ask,0.45113512,0.00556699,2024-12-09T01:20:40.034431005-05:00
DOGE-USD,0.44841356,1,ask,0.45090425,0.00555445,2024-12-09T01:21:40.190130015-05:00
DOGE-USD,0.44788011,1,ask,0.45036793,0.00555466,2024-12-09T01:22:40.300269907-05:00
DOGE-USD,0.447469015,1,ask,0.44995746,0.00556116,2024-12-09T01:23:40.449582242-05:00
DOGE-USD,0.446964835,1,ask,0.44947867,0.00562423,2024-12-09T01:24:40.594865179-05:00
DOGE-USD,0.446744225,1,ask,0.4492368,0.00557942,2024-12-09T01:25:40.740341637-05:00
DOGE-USD,0.446311745,1,ask,0.44880633,0.00558933,2024-12-09T01:26:40.882876922-05:00
DOGE-USD,0.44646417,1,ask,0.44896693,0.00560574,2024-12-09T01:27:41.032248483-05:00
DOGE-USD,0.446258135,1,ask,0.44874233,0.00556672,2024-12-09T01:28:41.193064244-05:00
DOGE-USD,0.44472177,1,ask,0.44723751,0.00565689,2024-12-09T01:29:41.363810895-05:00
DOGE-USD,0.445646375,1,ask,0.44815901,0.00563818,2024-12-09T01:30:41.533200338-05:00
DOGE-USD,0.44549985,1,ask,0.44804106,0.00570418,2024-12-09T01:31:41.700119141-05:00
DOGE-USD,0.44672805,1,ask,0.44925994,0.00566763,2024-12-09T01:32:41.856231143-05:00
DOGE-USD,0.44645849,1,ask,0.44898704,0.00566357,2024-12-09T01:33:42.011414629-05:00
DOGE-USD,0.445676645,1,ask,0.4481595,0.00557098,2024-12-09T01:34:42.166437931-05:00
DOGE-USD,0.444583325,1,ask,0.4470666,0.00558562,2024-12-09T01:35:42.330689594-05:00
DOGE-USD,0.44545909,1,ask,0.44799247,0.00568712,2024-12-09T01:36:42.466488358-05:00
DOGE-USD,0.445949915,1,ask,0.44843311,0.00556833,2024-12-09T01:37:42.609419578-05:00
DOGE-USD,0.447156035,1,ask,0.44966906,0.00562002,2024-12-09T01:38:42.757066886-05:00
DOGE-USD,0.44674061,1,ask,0.44922856,0.00556912,2024-12-09T01:39:42.914067682-05:00
DOGE-USD,0.446366425,1,ask,0.44883513,0.00553067,2024-12-09T01:40:43.057297293-05:00
DOGE-USD,0.445941045,1,ask,0.44841158,0.00554005,2024-12-09T01:41:43.198428283-05:00
DOGE-USD,0.44663226,1,ask,0.449092,0.0055073,2024-12-09T01:42:43.340278126-05:00
DOGE-USD,0.44729603,1,ask,0.44974674,0.00547894,2024-12-09T01:43:43.490460134-05:00
DOGE-USD,0.44776011,1,ask,0.45023384,0.00552468,2024-12-09T01:44:43.635668821-05:00
DOGE-USD,0.446998615,1,ask,0.44946669,0.00552144,2024-12-09T01:45:43.792261326-05:00
DOGE-USD,0.44770368,1,ask,0.45017071,0.00551041,2024-12-09T01:46:43.944844667-05:00
DOGE-USD,0.44735514,1,ask,0.44983165,0.00553589,2024-12-09T01:47:44.100578649-05:00
DOGE-USD,0.44809488,1,ask,0.45056874,0.00552084,2024-12-09T01:48:44.252019285-05:00
DOGE-USD,0.44793339,1,ask,0.45042826,0.00556973,2024-12-09T01:49:44.391877148-05:00
DOGE-USD,0.44805683,1,ask,0.45053887,0.00553957,2024-12-09T01:50:44.549256566-05:00
DOGE-USD,0.447555225,1,ask,0.45004286,0.00555827,2024-12-09T01:51:44.704253719-05:00
DOGE-USD,0.44645233,1,ask,0.44895134,0.00559748,2024-12-09T01:52:44.808835411-05:00
DOGE-USD,0.445190765,1,ask,0.44766641,0.00556086,2024-12-09T01:53:44.965112139-05:00
DOGE-USD,0.44619838,1,ask,0.44866871,0.00553639,2024-12-09T01:54:45.111869428-05:00
DOGE-USD,0.44603011,1,ask,0.44849436,0.00552485,2024-12-09T01:55:45.26888355-05:00
DOGE-USD,0.446095525,1,ask,0.44855557,0.00551461,2024-12-09T01:56:45.422669915-05:00
DOGE-USD,0.44642672,1,ask,0.44890661,0.00555498,2024-12-09T01:57:45.584428383-05:00
DOGE-USD,0.44623494,1,ask,0.44871888,0.00556644,2024-12-09T01:58:45.732788595-05:00
DOGE-USD,0.44554498,1,ask,0.44800147,0.00551345,2024-12-09T01:59:45.897039288-05:00
DOGE-USD,0.44463298,1,ask,0.44710625,0.0055625,2024-12-09T02:00:46.048029067-05:00
DOGE-USD,0.445315385,1,ask,0.44778126,0.00553737,2024-12-09T02:01:46.194621228-05:00
DOGE-USD,0.44542675,1,ask,0.44790113,0.00555508,2024-12-09T02:02:46.340249273-05:00
DOGE-USD,0.44610113,1,ask,0.44854039,0.00546795,2024-12-09T02:03:46.501186356-05:00
DOGE-USD,0.44543219,1,ask,0.44791543,0.0055749,2024-12-09T02:04:46.650663144-05:00
DOGE-USD,0.44425508,1,ask,0.4467046,0.00551377,2024-12-09T02:05:46.784256972-05:00
DOGE-USD,0.444544855,1,ask,0.44700615,0.00553666,2024-12-09T02:06:46.917270072-05:00
DOGE-USD,0.444008765,1,ask,0.44645759,0.00551526,2024-12-09T02:07:47.052028336-05:00
DOGE-USD,0.44270992,1,ask,0.44514272,0.00549525,2024-12-09T02:08:47.192232048-05:00
DOGE-USD,0.44273529,1,ask,0.44522655,0.00562697,2024-12-09T02:09:47.328077591-05:00
DOGE-USD,0.441679915,1,ask,0.44416319,0.00562234,2024-12-09T02:10:47.464612059-05:00
DOGE-USD,0.44224665,1,ask,0.44471332,0.00557759,2024-12-09T02:11:47.608300582-05:00
DOGE-USD,0.441705775,1,ask,0.44419171,0.00562803,2024-12-09T02:12:47.755075957-05:00
DOGE-USD,0.44115974,1,ask,0.44360248,0.00553709,2024-12-09T02:13:47.91440481-05:00
DOGE-USD,0.44154261,1,ask,0.44401622,0.0056022,2024-12-09T02:14:48.057276749-05:00
DOGE-USD,0.441577265,1,ask,0.4439977,0.00548134,2024-12-09T02:15:48.18549203-05:00
DOGE-USD,0.440489715,1,ask,0.44295043,0.00558632,2024-12-09T02:16:48.325021578-05:00
DOGE-USD,0.4406475,1,ask,0.443072,0.00550213,2024-12-09T02:17:48.456924642-05:00
DOGE-USD,0.44009091,1,ask,0.44255382,0.00559637,2024-12-09T02:18:48.60454347-05:00
DOGE-USD,0.43900618,1,ask,0.44143836,0.0055402,2024-12-09T02:19:48.706457112-05:00
DOGE-USD,0.43992825,1,ask,0.4423585,0.0055242,2024-12-09T02:20:48.851644229-05:00
DOGE-USD,0.440188585,1,ask,0.44260936,0.0054994,2024-12-09T02:21:48.999932891-05:00
DOGE-USD,0.44005228,1,ask,0.44246261,0.00547737,2024-12-09T02:22:49.152480653-05:00
DOGE-USD,0.44010699,1,ask,0.44257203,0.005601,2024-12-09T02:23:49.248267793-05:00
DOGE-USD,0.441629725,1,ask,0.44409267,0.00557695,2024-12-09T02:24:49.407410345-05:00
DOGE-USD,0.44280286,1,ask,0.4452621,0.0055538,2024-12-09T02:25:49.552822024-05:00
DOGE-USD,0.44236634,1,ask,0.44479682,0.00549427,2024-12-09T02:26:49.702320869-05:00
DOGE-USD,0.442388405,1,ask,0.444831,0.00552138,2024-12-09T02:27:49.86672674-05:00
DOGE-USD,0.44082554,1,ask,0.44326,0.0055225,2024-12-09T02:28:50.031348368-05:00
DOGE-USD,0.44105694,1,ask,0.443451,0.00542801,2024-12-09T02:29:50.182751444-05:00
DOGE-USD,0.442112485,1,ask,0.444551,0.0055156,2024-12-09T02:30:50.327235533-05:00
DOGE-USD,0.441204095,1,ask,0.44362597,0.00548924,2024-12-09T02:31:50.484860047-05:00
DOGE-USD,0.44128491,1,ask,0.44373787,0.00555868,2024-12-09T02:32:50.656620622-05:00
DOGE-USD,0.44007514,1,ask,0.44252496,0.00556682,2024-12-09T02:33:50.809928688-05:00
DOGE-USD,0.44175292,1,ask,0.4441932,0.00552408,2024-12-09T02:34:50.948913588-05:00
DOGE-USD,0.44134595,1,ask,0.44377045,0.00549342,2024-12-09T02:35:51.085638475-05:00
DOGE-USD,0.443308455,1,ask,0.44578274,0.00558141,2024-12-09T02:36:51.230938969-05:00
DOGE-USD,0.443600075,1,ask,0.44607086,0.00556985,2024-12-09T02:37:51.370675896-05:00
DOGE-USD,0.443976715,1,ask,0.44642989,0.00552546,2024-12-09T02:38:51.515250643-05:00
DOGE-USD,0.44431444,1,ask,0.44676365,0.00551233,2024-12-09T02:39:51.65922252-05:00
DOGE-USD,0.44396069,1,ask,0.44640423,0.00550396,2024-12-09T02:40:51.828567467-05:00
DOGE-USD,0.44517447,1,ask,0.447602,0.00545299,2024-12-09T02:41:51.981834902-05:00
DOGE-USD,0.44502235,1,ask,0.44745347,0.00546292,2024-12-09T02:42:52.143705185-05:00
DOGE-USD,0.447032355,1,ask,0.44947449,0.00546299,2024-12-09T02:43:52.281732074-05:00
DOGE-USD,0.446688645,1,ask,0.44907548,0.0053434,2024-12-09T02:44:52.428173514-05:00
DOGE-USD,0.445701635,1,ask,0.44816127,0.00551857,2024-12-09T02:45:52.790392563-05:00
DOGE-USD,0.446254135,1,ask,0.44868383,0.00544464,2024-12-09T02:46:52.942598008-05:00
DOGE-USD,0.446904675,1,ask,0.44932205,0.00540915,2024-12-09T02:47:53.114543049-05:00
DOGE-USD,0.44745683,1,ask,0.44977,0.00516959,2024-12-09T02:48:53.28047855-05:00
DOGE-USD,0.447688195,1,ask,0.449911,0.00496507,2024-12-09T02:49:53.430716856-05:00
DOGE-USD,0.447317435,1,ask,0.44976317,0.00546756,2024-12-09T02:50:53.575693648-05:00
DOGE-USD,0.447776945,1,ask,0.45021778,0.00545101,2024-12-09T02:51:53.688327583-05:00
DOGE-USD,0.44814564,1,ask,0.45053348,0.00532827,2024-12-09T02:52:53.833712197-05:00
DOGE-USD,0.44768933,1,ask,0.4501619,0.00552296,2024-12-09T02:53:53.969341008-05:00
DOGE-USD,0.44783445,1,ask,0.45030296,0.0055121,2024-12-09T02:54:54.116320055-05:00
DOGE-USD,0.44714001,1,ask,0.44950432,0.00528763,2024-12-09T02:55:54.260971826-05:00
DOGE-USD,0.447046255,1,ask,0.44945257,0.0053827,2024-12-09T02:56:54.412517747-05:00
DOGE-USD,0.446388385,1,ask,0.44879321,0.00538729,2024-12-09T02:57:54.569583985-05:00
DOGE-USD,0.446348775,1,ask,0.44875655,0.00539438,2024-12-09T02:58:54.675653247-05:00
DOGE-USD,0.44628536,1,ask,0.44865678,0.00531369,2024-12-09T02:59:54.829922254-05:00
DOGE-USD,0.44608718,1,ask,0.44851249,0.00543685,2024-12-09T03:00:55.000670519-05:00
DOGE-USD,0.44601125,1,ask,0.44840691,0.0053713,2024-12-09T03:01:55.158224585-05:00
DOGE-USD,0.444572755,1,ask,0.44701515,0.0054938,2024-12-09T03:02:55.319705631-05:00
DOGE-USD,0.444758995,1,ask,0.44712566,0.00532123,2024-12-09T03:03:55.470282168-05:00
DOGE-USD,0.445309125,1,ask,0.44769883,0.0053664,2024-12-09T03:04:55.618660765-05:00
DOGE-USD,0.444350025,1,ask,0.44672881,0.0053534,2024-12-09T03:05:55.777551234-05:00
DOGE-USD,0.443066715,1,ask,0.44547167,0.00542797,2024-12-09T03:06:55.931573296-05:00
DOGE-USD,0.442853635,1,ask,0.44524105,0.00539098,2024-12-09T03:07:56.07911136-05:00
DOGE-USD,0.443806725,1,ask,0.44614603,0.005271,2024-12-09T03:08:56.230806188-05:00
DOGE-USD,0.444263925,1,ask,0.44666262,0.00539926,2024-12-09T03:09:56.381651223-05:00
DOGE-USD,0.44344941,1,ask,0.4458491,0.00541142,2024-12-09T03:10:56.530535373-05:00
DOGE-USD,0.44361464,1,ask,0.44602043,0.00542315,2024-12-09T03:11:56.697502215-05:00
DOGE-USD,0.442996445,1,ask,0.44535092,0.00531488,2024-12-09T03:12:56.859369998-05:00
DOGE-USD,0.445518475,1,ask,0.44782912,0.00518642,2024-12-09T03:13:57.019521461-05:00
DOGE-USD,0.4459638,1,ask,0.44838163,0.00542158,2024-12-09T03:14:57.168459345-05:00
DOGE-USD,0.445307345,1,ask,0.44770521,0.00538474,2024-12-09T03:15:57.318135802-05:00
DOGE-USD,0.445036295,1,ask,0.44741174,0.00533764,2024-12-09T03:16:57.480937218-05:00
DOGE-USD,0.444251215,1,ask,0.44663064,0.00535603,2024-12-09T03:17:57.631231235-05:00
DOGE-USD,0.44509108,1,ask,0.44748153,0.0053707,2024-12-09T03:18:57.799368045-05:00
DOGE-USD,0.444880215,1,ask,0.44721893,0.00525695,2024-12-09T03:19:58.190365499-05:00
DOGE-USD,0.444709035,1,ask,0.4471053,0.00538839,2024-12-09T03:20:58.356914288-05:00
DOGE-USD,0.443920375,1,ask,0.4463236,0.00541364,2024-12-09T03:21:58.514453662-05:00
DOGE-USD,0.443920505,1,ask,0.44629403,0.00534673,2024-12-09T03:22:58.664863828-05:00
DOGE-USD,0.44381893,1,ask,0.44620364,0.00537316,2024-12-09T03:23:58.821521923-05:00
DOGE-USD,0.44465011,1,ask,0.4471068,0.005525,2024-12-09T03:24:58.964883924-05:00
DOGE-USD,0.44421011,1,ask,0.44666439,0.00552504,2024-12-09T03:25:59.119925939-05:00
DOGE-USD,0.442782275,1,ask,0.44522655,0.00552026,2024-12-09T03:26:59.275312221-05:00
DOGE-USD,0.44202494,1,ask,0.44443226,0.00544612,2024-12-09T03:27:59.423271856-05:00
DOGE-USD,0.441800765,1,ask,0.44426236,0.00557173,2024-12-09T03:28:59.572333786-05:00
DOGE-USD,0.44236003,1,ask,0.44479414,0.00550255,2024-12-09T03:29:59.755093447-05:00
DOGE-USD,0.44079203,1,ask,0.44321954,0.00550715,2024-12-09T03:30:59.91893793-05:00
DOGE-USD,0.440577985,1,ask,0.44298041,0.00545289,2024-12-09T03:32:00.06635031-05:00
DOGE-USD,0.438441145,1,ask,0.44082826,0.00544455,2024-12-09T03:33:00.215188937-05:00
DOGE-USD,0.4390853,1,ask,0.44148682,0.00546937,2024-12-09T03:34:00.39122418-05:00
DOGE-USD,0.43710867,1,ask,0.43942315,0.00529498,2024-12-09T03:35:00.548739485-05:00
DOGE-USD,0.437814785,1,ask,0.44017899,0.00540001,2024-12-09T03:36:00.693769123-05:00
DOGE-USD,0.43672099,1,ask,0.43907543,0.00539118,2024-12-09T03:37:00.832439389-05:00
DOGE-USD,0.43717164,1,ask,0.43948941,0.00530174,2024-12-09T03:38:00.983968699-05:00
DOGE-USD,0.436848815,1,ask,0.43925763,0.00551407,2024-12-09T03:39:01.137385673-05:00
DOGE-USD,0.43885692,1,ask,0.44104,0.00497447,2024-12-09T03:40:01.258236197-05:00
DOGE-USD,0.44028075,1,ask,0.4426265,0.00532785,2024-12-09T03:41:01.410287011-05:00
DOGE-USD,0.44059735,1,ask,0.44299925,0.00545146,2024-12-09T03:42:01.553933109-05:00
DOGE-USD,0.439695085,1,ask,0.44211962,0.00551413,2024-12-09T03:43:01.705368587-05:00
DOGE-USD,0.44026663,1,ask,0.44265932,0.00543464,2024-12-09T03:44:02.866834484-05:00
DOGE-USD,0.43873812,1,ask,0.44115435,0.00550723,2024-12-09T03:45:03.021182424-05:00
DOGE-USD,0.43890011,1,ask,0.44132529,0.00552559,2024-12-09T03:46:03.18158216-05:00
DOGE-USD,0.437932855,1,ask,0.44011871,0.0049913,2024-12-09T03:47:03.336810982-05:00
DOGE-USD,0.437550495,1,ask,0.43996866,0.0055266,2024-12-09T03:48:03.505330567-05:00
DOGE-USD,0.43724011,1,ask,0.43965619,0.00552575,2024-12-09T03:49:03.680563976-05:00
DOGE-USD,0.436527525,1,ask,0.43891724,0.00547437,2024-12-09T03:50:03.839671001-05:00
DOGE-USD,0.436003295,1,ask,0.43842517,0.00555472,2024-12-09T03:51:04.000733221-05:00
DOGE-USD,0.435568435,1,ask,0.43794687,0.00546053,2024-12-09T03:52:04.167869698-05:00
DOGE-USD,0.436741585,1,ask,0.4391564,0.00552916,2024-12-09T03:53:04.332539339-05:00
DOGE-USD,0.435663475,1,ask,0.43803079,0.00543382,2024-12-09T03:54:04.432166884-05:00
DOGE-USD,0.434303825,1,ask,0.43662665,0.00534839,2024-12-09T03:55:04.590863349-05:00
DOGE-USD,0.434053575,1,ask,0.43642439,0.00546203,2024-12-09T03:56:04.737499211-05:00
DOGE-USD,0.43324512,1,ask,0.43554624,0.00531136,2024-12-09T03:57:04.897410588-05:00
DOGE-USD,0.434059975,1,ask,0.43642866,0.00545705,2024-12-09T03:58:05.036244324-05:00
DOGE-USD,0.4334182,1,ask,0.4357414,0.00536018,2024-12-09T03:59:06.195106181-05:00
DOGE-USD,0.43359986,1,ask,0.43593607,0.00538794,2024-12-09T04:00:06.345206813-05:00
DOGE-USD,0.43432314,1,ask,0.43673619,0.00555589,2024-12-09T04:01:06.49506611-05:00
DOGE-USD,0.43647929,1,ask,0.43880088,0.0053189,2024-12-09T04:02:06.647449192-05:00
DOGE-USD,0.43614388,1,ask,0.43852787,0.00546606,2024-12-09T04:03:06.805141078-05:00
DOGE-USD,0.436425705,1,ask,0.438823,0.00549302,2024-12-09T04:04:06.958167444-05:00
DOGE-USD,0.435970545,1,ask,0.4383801,0.00552688,2024-12-09T04:05:07.125166222-05:00
DOGE-USD,0.436583205,1,ask,0.43900871,0.00555565,2024-12-09T04:06:07.272382782-05:00
DOGE-USD,0.437030605,1,ask,0.43933663,0.00527658,2024-12-09T04:07:07.42994387-05:00
DOGE-USD,0.437018505,1,ask,0.43943177,0.00552211,2024-12-09T04:08:07.578165894-05:00
DOGE-USD,0.436922235,1,ask,0.43930885,0.00546233,2024-12-09T04:09:07.731199969-05:00
DOGE-USD,0.43681011,1,ask,0.43922383,0.00552579,2024-12-09T04:10:07.894493988-05:00
DOGE-USD,0.43640683,1,ask,0.43871514,0.00528935,2024-12-09T04:11:08.063069809-05:00
DOGE-USD,0.438106965,1,ask,0.44054101,0.00555582,2024-12-09T04:12:08.219968354-05:00
DOGE-USD,0.438175085,1,ask,0.44059129,0.00551425,2024-12-09T04:13:08.377322156-05:00
DOGE-USD,0.43831138,1,ask,0.44075448,0.00557389,2024-12-09T04:14:08.537306444-05:00
DOGE-USD,0.437639415,1,ask,0.44001683,0.00543236,2024-12-09T04:15:08.69668059-05:00
DOGE-USD,0.43681494,1,ask,0.43911415,0.00526358,2024-12-09T04:16:08.86187237-05:00
DOGE-USD,0.437167635,1,ask,0.43951124,0.00536088,2024-12-09T04:17:09.019408858-05:00
DOGE-USD,0.436651955,1,ask,0.43904676,0.00548447,2024-12-09T04:18:09.173773223-05:00
DOGE-USD,0.437115085,1,ask,0.43952548,0.00551433,2024-12-09T04:19:09.330151779-05:00
DOGE-USD,0.435633575,1,ask,0.43804742,0.005541,2024-12-09T04:20:09.49139036-05:00
DOGE-USD,0.43431538,1,ask,0.43672684,0.00555232,2024-12-09T04:21:09.667701859-05:00
DOGE-USD,0.433665375,1,ask,0.43606329,0.00552941,2024-12-09T04:22:09.809502804-05:00
DOGE-USD,0.434467835,1,ask,0.4368428,0.00546638,2024-12-09T04:23:09.960826631-05:00
DOGE-USD,0.431538075,1,ask,0.43389705,0.00546644,2024-12-09T04:24:10.127509017-05:00
DOGE-USD,0.43247425,1,ask,0.43486275,0.00552287,2024-12-09T04:25:10.28803006-05:00
DOGE-USD,0.431350985,1,ask,0.43358597,0.00518136,2024-12-09T04:26:10.439323269-05:00
DOGE-USD,0.43120889,1,ask,0.43361325,0.00557586,2024-12-09T04:27:10.586628689-05:00
DOGE-USD,0.430631915,1,ask,0.43298374,0.00546133,2024-12-09T04:28:10.743599519-05:00
DOGE-USD,0.43071316,1,ask,0.43309549,0.00553113,2024-12-09T04:29:10.84622859-05:00
DOGE-USD,0.43070273,1,ask,0.43306868,0.00549323,2024-12-09T04:30:11.010568506-05:00
DOGE-USD,0.431631375,1,ask,0.43396825,0.00541405,2024-12-09T04:31:11.170833016-05:00
DOGE-USD,0.43309509,1,ask,0.43546662,0.00547577,2024-12-09T04:32:11.310790061-05:00
DOGE-USD,0.43355794,1,ask,0.43586197,0.00531424,2024-12-09T04:33:11.469938629-05:00
DOGE-USD,0.43301564,1,ask,0.4353544,0.0054011,2024-12-09T04:34:11.605718998-05:00
DOGE-USD,0.432031065,1,ask,0.43431015,0.00527528,2024-12-09T04:35:11.737202479-05:00
DOGE-USD,0.430893035,1,ask,0.43328719,0.00555626,2024-12-09T04:36:11.881317244-05:00
DOGE-USD,0.4301753,1,ask,0.43258554,0.00560293,2024-12-09T04:37:12.024848944-05:00
DOGE-USD,0.430663145,1,ask,0.43309686,0.00565109,2024-12-09T04:38:12.160887146-05:00
DOGE-USD,0.430539485,1,ask,0.43293811,0.00557121,2024-12-09T04:39:12.284562016-05:00
DOGE-USD,0.428416775,1,ask,0.43072181,0.00538036,2024-12-09T04:40:13.443740933-05:00
DOGE-USD,0.43079916,1,ask,0.43319889,0.00557041,2024-12-09T04:41:13.614642611-05:00
DOGE-USD,0.431266275,1,ask,0.4336657,0.00556367,2024-12-09T04:42:13.779116526-05:00
DOGE-USD,0.430672695,1,ask,0.43306131,0.00554624,2024-12-09T04:43:13.938702273-05:00
DOGE-USD,0.431756895,1,ask,0.43412978,0.00549588,2024-12-09T04:44:14.094841921-05:00
DOGE-USD,0.433590115,1,ask,0.43595636,0.00545733,2024-12-09T04:45:14.241398541-05:00
DOGE-USD,0.43401216,1,ask,0.43641259,0.00553079,2024-12-09T04:46:14.342305343-05:00
DOGE-USD,0.43324509,1,ask,0.43566412,0.00558351,2024-12-09T04:47:14.488011849-05:00
DOGE-USD,0.43401453,1,ask,0.43631788,0.00530708,2024-12-09T04:48:14.628831301-05:00
DOGE-USD,0.43395487,1,ask,0.43634774,0.0055141,2024-12-09T04:49:14.78423627-05:00
DOGE-USD,0.433785085,1,ask,0.43617723,0.00551459,2024-12-09T04:50:15.154780075-05:00
DOGE-USD,0.43409472,1,ask,0.43645837,0.00544501,2024-12-09T04:51:15.298131147-05:00
DOGE-USD,0.43435876,1,ask,0.4366682,0.0053169,2024-12-09T04:52:15.429600559-05:00
DOGE-USD,0.434146085,1,ask,0.43653126,0.00549395,2024-12-09T04:53:15.565405652-05:00
DOGE-USD,0.43368882,1,ask,0.43608034,0.00551437,2024-12-09T04:54:15.708795046-05:00
DOGE-USD,0.433250005,1,ask,0.43558236,0.00538339,2024-12-09T04:55:15.867900792-05:00
DOGE-USD,0.434298635,1,ask,0.43665735,0.00543109,2024-12-09T04:56:15.98616005-05:00
DOGE-USD,0.43478285,1,ask,0.43720808,0.00557803,2024-12-09T04:57:16.157830736-05:00
DOGE-USD,0.43493057,1,ask,0.43729467,0.00543558,2024-12-09T04:58:16.26112825-05:00
DOGE-USD,0.43389224,1,ask,0.43627452,0.00549049,2024-12-09T04:59:16.408794471-05:00
DOGE-USD,0.433839245,1,ask,0.43626537,0.00559222,2024-12-09T05:00:16.546401671-05:00
DOGE-USD,0.434323005,1,ask,0.43673592,0.00555558,2024-12-09T05:01:16.686562829-05:00
DOGE-USD,0.43469122,1,ask,0.43712427,0.00559719,2024-12-09T05:02:16.833375458-05:00
DOGE-USD,0.435803225,1,ask,0.43822447,0.00555582,2024-12-09T05:03:16.99283553-05:00
DOGE-USD,0.43586123,1,ask,0.43829076,0.00557409,2024-12-09T05:04:17.181748993-05:00
DOGE-USD,0.436104145,1,ask,0.43855427,0.00561821,2024-12-09T05:05:17.345787119-05:00
DOGE-USD,0.436449695,1,ask,0.43893065,0.0056844,2024-12-09T05:06:17.502571308-05:00
DOGE-USD,0.436506885,1,ask,0.43893245,0.00555676,2024-12-09T05:07:25.10916943-05:00
DOGE-USD,0.436993355,1,ask,0.43945109,0.00562419,2024-12-09T05:08:25.268061295-05:00
DOGE-USD,0.4372643,1,ask,0.43973441,0.00564901,2024-12-09T05:09:25.422637163-05:00
DOGE-USD,0.43672484,1,ask,0.43917384,0.00560765,2024-12-09T05:10:25.576561189-05:00
DOGE-USD,0.436571275,1,ask,0.43901468,0.00559681,2024-12-09T05:11:25.750599577-05:00
DOGE-USD,0.43712299,1,ask,0.43959102,0.00564608,2024-12-09T05:12:25.91036906-05:00
DOGE-USD,0.43629847,1,ask,0.43872221,0.00555523,2024-12-09T05:13:26.031581863-05:00
DOGE-USD,0.43577181,1,ask,0.43822132,0.00562108,2024-12-09T05:14:26.201763769-05:00
DOGE-USD,0.435914695,1,ask,0.43833802,0.00555917,2024-12-09T05:15:26.354332985-05:00
DOGE-USD,0.434889795,1,ask,0.43735235,0.00566248,2024-12-09T05:16:26.514267391-05:00
DOGE-USD,0.43494813,1,ask,0.43735963,0.00554434,2024-12-09T05:17:26.671780793-05:00
DOGE-USD,0.434758125,1,ask,0.4370194,0.00520123,2024-12-09T05:18:26.828950886-05:00
DOGE-USD,0.434384295,1,ask,0.4366596,0.005238,2024-12-09T05:19:26.981809656-05:00
DOGE-USD,0.433420835,1,ask,0.43579682,0.00548194,2024-12-09T05:20:27.126379658-05:00
DOGE-USD,0.433041105,1,ask,0.43537549,0.00539068,2024-12-09T05:21:27.300213972-05:00
DOGE-USD,0.433767025,1,ask,0.436161,0.00551903,2024-12-09T05:22:27.447711454-05:00
DOGE-USD,0.43387239,1,ask,0.4362325,0.00543964,2024-12-09T05:23:27.602149681-05:00
DOGE-USD,0.433685175,1,ask,0.43606692,0.00549188,2024-12-09T05:24:27.760929569-05:00
DOGE-USD,0.43389388,1,ask,0.43630532,0.00555767,2024-12-09T05:25:27.91720141-05:00
DOGE-USD,0.43426523,1,ask,0.43665638,0.0055062,2024-12-09T05:26:28.079010837-05:00
DOGE-USD,0.433148615,1,ask,0.43548112,0.005385,2024-12-09T05:27:28.231800842-05:00
DOGE-USD,0.43403505,1,ask,0.43634897,0.00533118,2024-12-09T05:28:28.407661493-05:00
DOGE-USD,0.433044445,1,ask,0.43538217,0.00539835,2024-12-09T05:29:28.561626127-05:00
DOGE-USD,0.434097855,1,ask,0.43646464,0.00545219,2024-12-09T05:30:28.724438375-05:00
DOGE-USD,0.432765845,1,ask,0.43515316,0.00551641,2024-12-09T05:31:28.863634043-05:00
DOGE-USD,0.432420585,1,ask,0.43477095,0.00543537,2024-12-09T05:32:29.029010073-05:00
DOGE-USD,0.434103255,1,ask,0.43645555,0.00541875,2024-12-09T05:33:29.190535996-05:00
DOGE-USD,0.435099305,1,ask,0.43746307,0.0054327,2024-12-09T05:34:29.347553266-05:00
DOGE-USD,0.434179335,1,ask,0.43656228,0.00548839,2024-12-09T05:35:29.502516018-05:00
DOGE-USD,0.43454339,1,ask,0.43693801,0.00551066,2024-12-09T05:36:29.648324339-05:00
DOGE-USD,0.4352637,1,ask,0.43764268,0.00546561,2024-12-09T05:37:29.816155572-05:00
DOGE-USD,0.43487653,1,ask,0.43724626,0.0054492,2024-12-09T05:38:29.967814092-05:00
DOGE-USD,0.435047865,1,ask,0.43742981,0.00547513,2024-12-09T05:39:30.124628315-05:00
DOGE-USD,0.435108985,1,ask,0.4375421,0.00559197,2024-12-09T05:40:30.288748625-05:00
DOGE-USD,0.435269755,1,ask,0.43765479,0.00547944,2024-12-09T05:41:30.440975628-05:00
DOGE-USD,0.43481771,1,ask,0.4371684,0.00540615,2024-12-09T05:42:30.594147868-05:00
DOGE-USD,0.43472732,1,ask,0.43710468,0.00546862,2024-12-09T05:43:30.754556392-05:00
DOGE-USD,0.434560355,1,ask,0.43693216,0.00545794,2024-12-09T05:44:30.906257525-05:00
DOGE-USD,0.434020935,1,ask,0.43639036,0.00545924,2024-12-09T05:45:31.063280932-05:00
DOGE-USD,0.43369957,1,ask,0.43610566,0.00554783,2024-12-09T05:46:31.215958272-05:00
DOGE-USD,0.43356738,1,ask,0.43597056,0.00554281,2024-12-09T05:47:31.325891637-05:00
DOGE-USD,0.43454508,1,ask,0.43694139,0.00551453,2024-12-09T05:48:31.483591214-05:00
DOGE-USD,0.434929685,1,ask,0.43735257,0.00557075,2024-12-09T05:49:31.64161551-05:00
DOGE-USD,0.43581018,1,ask,0.43818866,0.00545761,2024-12-09T05:50:31.758063391-05:00
DOGE-USD,0.43564011,1,ask,0.43804742,0.00552591,2024-12-09T05:51:31.920317216-05:00
DOGE-USD,0.43618648,1,ask,0.4385534,0.00542639,2024-12-09T05:52:32.08821572-05:00
DOGE-USD,0.43635773,1,ask,0.43874672,0.00547484,2024-12-09T05:53:32.23108738-05:00
DOGE-USD,0.436707865,1,ask,0.43907902,0.00542961,2024-12-09T05:54:32.377878284-05:00
DOGE-USD,0.43628258,1,ask,0.43867232,0.0054775,2024-12-09T05:55:32.537150897-05:00
DOGE-USD,0.43702157,1,ask,0.43937823,0.00539255,2024-12-09T05:56:32.684228872-05:00
DOGE-USD,0.438004125,1,ask,0.44039855,0.00546667,2024-12-09T05:57:32.835499041-05:00
DOGE-USD,0.437734475,1,ask,0.44018744,0.00560377,2024-12-09T05:58:32.976379994-05:00
DOGE-USD,0.437650055,1,ask,0.44005838,0.00550286,2024-12-09T05:59:33.115449948-05:00
DOGE-USD,0.43735808,1,ask,0.43983411,0.00566133,2024-12-09T06:00:33.272960566-05:00
DOGE-USD,0.43712071,1,ask,0.43959539,0.00566132,2024-12-09T06:01:33.431569358-05:00
DOGE-USD,0.43606702,1,ask,0.43853169,0.00565204,2024-12-09T06:02:33.587963357-05:00
DOGE-USD,0.435517685,1,ask,0.43798329,0.00566132,2024-12-09T06:03:33.767995065-05:00
DOGE-USD,0.435700035,1,ask,0.43816667,0.00566131,2024-12-09T06:04:33.948855401-05:00
DOGE-USD,0.434684515,1,ask,0.43714516,0.00566076,2024-12-09T06:05:34.111652854-05:00
DOGE-USD,0.43460737,1,ask,0.43706758,0.00566076,2024-12-09T06:06:34.290467126-05:00
DOGE-USD,0.43512393,1,ask,0.43758706,0.00566076,2024-12-09T06:07:34.4504387-05:00
DOGE-USD,0.43471381,1,ask,0.43717462,0.00566076,2024-12-09T06:08:34.823030744-05:00
DOGE-USD,0.43418538,1,ask,0.4366432,0.00566076,2024-12-09T06:09:34.963208249-05:00
DOGE-USD,0.433695155,1,ask,0.43582531,0.00491164,2024-12-09T06:10:35.118953713-05:00
DOGE-USD,0.433464965,1,ask,0.43587732,0.00556528,2024-12-09T06:11:35.270491422-05:00
DOGE-USD,0.43388076,1,ask,0.43629897,0.00557344,2024-12-09T06:12:35.421678362-05:00
DOGE-USD,0.434086355,1,ask,0.4365212,0.00560913,2024-12-09T06:13:35.794112313-05:00
DOGE-USD,0.434844,1,ask,0.43729712,0.00564138,2024-12-09T06:14:35.958396011-05:00
DOGE-USD,0.434211945,1,ask,0.43663315,0.00557609,2024-12-09T06:15:36.109942138-05:00
DOGE-USD,0.43431617,1,ask,0.4367714,0.00565309,2024-12-09T06:16:36.26166755-05:00
DOGE-USD,0.434548305,1,ask,0.43699757,0.00563635,2024-12-09T06:17:36.409355069-05:00
DOGE-USD,0.43420659,1,ask,0.43666222,0.00565544,2024-12-09T06:18:36.593236221-05:00
DOGE-USD,0.4336137,1,ask,0.4360313,0.00557547,2024-12-09T06:19:36.790055516-05:00
DOGE-USD,0.434014125,1,ask,0.43638668,0.00546654,2024-12-09T06:20:36.942278557-05:00
DOGE-USD,0.43432554,1,ask,0.4367403,0.00555979,2024-12-09T06:21:37.097962459-05:00
DOGE-USD,0.43377159,1,ask,0.43617013,0.0055295,2024-12-09T06:22:37.273910788-05:00
DOGE-USD,0.43359227,1,ask,0.43594691,0.00543054,2024-12-09T06:23:37.446136498-05:00
DOGE-USD,0.43291523,1,ask,0.43526906,0.00543716,2024-12-09T06:24:37.613364556-05:00
DOGE-USD,0.43327361,1,ask,0.43567449,0.00554126,2024-12-09T06:25:37.749555151-05:00
DOGE-USD,0.43487767,1,ask,0.43726843,0.00549755,2024-12-09T06:26:37.909853752-05:00
DOGE-USD,0.43387983,1,ask,0.43626727,0.00550254,2024-12-09T06:27:38.04823871-05:00
DOGE-USD,0.433325455,1,ask,0.43571765,0.00552055,2024-12-09T06:28:38.179440618-05:00
DOGE-USD,0.43310309,1,ask,0.43549946,0.00553302,2024-12-09T06:29:38.323357876-05:00
DOGE-USD,0.43188616,1,ask,0.434275,0.00553118,2024-12-09T06:30:38.425723287-05:00
DOGE-USD,0.43286105,1,ask,0.43527396,0.00557433,2024-12-09T06:31:38.605335599-05:00
DOGE-USD,0.433498905,1,ask,0.43583361,0.00538572,2024-12-09T06:32:38.753674124-05:00
DOGE-USD,0.433914955,1,ask,0.4362878,0.00546846,2024-12-09T06:33:38.904049912-05:00
DOGE-USD,0.433499875,1,ask,0.4358455,0.0054109,2024-12-09T06:34:39.0366407-05:00
DOGE-USD,0.433518745,1,ask,0.43590313,0.00550007,2024-12-09T06:35:39.172208864-05:00
DOGE-USD,0.4331367,1,ask,0.43552995,0.00552539,2024-12-09T06:36:39.314368267-05:00
DOGE-USD,0.43258508,1,ask,0.43497065,0.00551468,2024-12-09T06:37:39.440323792-05:00
DOGE-USD,0.432168095,1,ask,0.43457427,0.00556768,2024-12-09T06:38:39.583184194-05:00
DOGE-USD,0.432791575,1,ask,0.43518473,0.00552958,2024-12-09T06:39:39.726455979-05:00
DOGE-USD,0.431313425,1,ask,0.43375523,0.00566132,2024-12-09T06:40:39.866536064-05:00
DOGE-USD,0.430076385,1,ask,0.4324693,0.00556393,2024-12-09T06:41:40.02348349-05:00
DOGE-USD,0.43001923,1,ask,0.43238384,0.00549885,2024-12-09T06:42:40.165982382-05:00
DOGE-USD,0.42994339,1,ask,0.43232275,0.00553412,2024-12-09T06:43:40.305930326-05:00
DOGE-USD,0.43075347,1,ask,0.43316021,0.00558728,2024-12-09T06:44:40.445579643-05:00
DOGE-USD,0.430244005,1,ask,0.43265784,0.00561039,2024-12-09T06:45:40.586493286-05:00
DOGE-USD,0.42994316,1,ask,0.43232524,0.00554045,2024-12-09T06:46:40.732714803-05:00
DOGE-USD,0.42887941,1,ask,0.43128782,0.00561559,2024-12-09T06:47:40.875384598-05:00
DOGE-USD,0.427822,1,ask,0.43023102,0.00563089,2024-12-09T06:48:41.011531438-05:00
DOGE-USD,0.42808173,1,ask,0.43045213,0.00553726,2024-12-09T06:49:41.149404533-05:00
DOGE-USD,0.42820018,1,ask,0.43059663,0.00559656,2024-12-09T06:50:41.288384183-05:00
DOGE-USD,0.428405965,1,ask,0.43074962,0.00547064,2024-12-09T06:51:41.42439839-05:00
DOGE-USD,0.429521765,1,ask,0.43192002,0.00558355,2024-12-09T06:52:41.562852779-05:00
DOGE-USD,0.431301835,1,ask,0.43372687,0.00562259,2024-12-09T06:53:41.713946382-05:00
DOGE-USD,0.430825455,1,ask,0.43325148,0.00563111,2024-12-09T06:54:41.859084598-05:00
DOGE-USD,0.43147273,1,ask,0.4338797,0.0055785,2024-12-09T06:55:42.010161544-05:00
DOGE-USD,0.431720535,1,ask,0.43413663,0.00559643,2024-12-09T06:56:42.156616803-05:00
DOGE-USD,0.430790975,1,ask,0.43320241,0.00559769,2024-12-09T06:57:42.30405489-05:00
DOGE-USD,0.42888408,1,ask,0.43129107,0.00561222,2024-12-09T06:58:42.435428649-05:00
DOGE-USD,0.430042505,1,ask,0.43243526,0.005564,2024-12-09T06:59:42.582524853-05:00
DOGE-USD,0.428985525,1,ask,0.43141031,0.00565237,2024-12-09T07:00:42.732898023-05:00
DOGE-USD,0.427275255,1,ask,0.42968163,0.00563191,2024-12-09T07:01:42.902212078-05:00
DOGE-USD,0.427153065,1,ask,0.42951622,0.00553234,2024-12-09T07:02:43.034919462-05:00
DOGE-USD,0.427127905,1,ask,0.42954204,0.00565202,2024-12-09T07:03:43.176146367-05:00
DOGE-USD,0.428999545,1,ask,0.43142825,0.00566132,2024-12-09T07:04:43.324839548-05:00
DOGE-USD,0.430264895,1,ask,0.4327002,0.00566001,2024-12-09T07:05:43.469833362-05:00
DOGE-USD,0.43078403,1,ask,0.43320043,0.00560931,2024-12-09T07:06:43.597030798-05:00
DOGE-USD,0.431076435,1,ask,0.43350681,0.00563792,2024-12-09T07:07:43.741036413-05:00
DOGE-USD,0.43132155,1,ask,0.43366685,0.00543747,2024-12-09T07:08:43.883083566-05:00
DOGE-USD,0.43269609,1,ask,0.43512305,0.00560893,2024-12-09T07:09:44.031715939-05:00
DOGE-USD,0.43259444,1,ask,0.43503727,0.00564693,2024-12-09T07:10:44.182411015-05:00
DOGE-USD,0.432300825,1,ask,0.43470957,0.00557192,2024-12-09T07:11:44.323538856-05:00
DOGE-USD,0.432452175,1,ask,0.43486396,0.005577,2024-12-09T07:12:44.480137993-05:00
DOGE-USD,0.431648155,1,ask,0.43409132,0.00566008,2024-12-09T07:13:44.641538239-05:00
DOGE-USD,0.43099315,1,ask,0.43340786,0.00560266,2024-12-09T07:14:44.786388133-05:00
DOGE-USD,0.430992135,1,ask,0.43337201,0.00552185,2024-12-09T07:15:44.921197177-05:00
DOGE-USD,0.42960013,1,ask,0.43200602,0.0056003,2024-12-09T07:16:45.079424319-05:00
DOGE-USD,0.430210225,1,ask,0.43264544,0.00566052,2024-12-09T07:17:45.218076373-05:00
DOGE-USD,0.43220604,1,ask,0.43463329,0.00561596,2024-12-09T07:18:45.360797451-05:00
DOGE-USD,0.43200441,1,ask,0.43441597,0.00558226,2024-12-09T07:19:45.47945713-05:00
DOGE-USD,0.43225917,1,ask,0.43466993,0.00557712,2024-12-09T07:20:45.63956611-05:00
DOGE-USD,0.43334975,1,ask,0.43577704,0.00560123,2024-12-09T07:21:45.774036057-05:00
DOGE-USD,0.432982465,1,ask,0.43540739,0.00560052,2024-12-09T07:22:45.897344377-05:00
DOGE-USD,0.432651425,1,ask,0.43508648,0.00562821,2024-12-09T07:23:46.041570493-05:00
DOGE-USD,0.43332316,1,ask,0.4357761,0.00566076,2024-12-09T07:24:46.19216289-05:00
DOGE-USD,0.433972385,1,ask,0.436356,0.00549255,2024-12-09T07:25:46.335101528-05:00
DOGE-USD,0.433812285,1,ask,0.43626575,0.00565559,2024-12-09T07:26:46.475217125-05:00
DOGE-USD,0.434503555,1,ask,0.43694785,0.00562549,2024-12-09T07:27:46.614158752-05:00
DOGE-USD,0.43371438,1,ask,0.43615517,0.00562764,2024-12-09T07:28:46.759404695-05:00
DOGE-USD,0.43429748,1,ask,0.43674077,0.00562584,2024-12-09T07:29:46.891677987-05:00
DOGE-USD,0.43373672,1,ask,0.4361899,0.00565592,2024-12-09T07:30:47.027376669-05:00
DOGE-USD,0.43463199,1,ask,0.43707747,0.00562655,2024-12-09T07:31:47.180083749-05:00
DOGE-USD,0.43292899,1,ask,0.43537632,0.00565296,2024-12-09T07:32:47.318875078-05:00
DOGE-USD,0.432949095,1,ask,0.43536053,0.00556979,2024-12-09T07:33:47.438034789-05:00
DOGE-USD,0.43267155,1,ask,0.43507167,0.00554721,2024-12-09T07:34:47.559185709-05:00
DOGE-USD,0.432289845,1,ask,0.43471965,0.00562078,2024-12-09T07:35:47.689570909-05:00
DOGE-USD,0.43203491,1,ask,0.43448031,0.00566019,2024-12-09T07:36:47.829243426-05:00
DOGE-USD,0.431343015,1,ask,0.4337845,0.00566019,2024-12-09T07:37:47.979249874-05:00
DOGE-USD,0.431130125,1,ask,0.43351561,0.0055331,2024-12-09T07:38:48.136769283-05:00
DOGE-USD,0.431994975,1,ask,0.43442656,0.00562873,2024-12-09T07:39:48.302299203-05:00
DOGE-USD,0.432642675,1,ask,0.435056,0.0055781,2024-12-09T07:40:48.421523749-05:00
DOGE-USD,0.43258527,1,ask,0.43501081,0.00560708,2024-12-09T07:41:48.567772379-05:00
DOGE-USD,0.43231509,1,ask,0.43472688,0.00557878,2024-12-09T07:42:48.706634151-05:00
DOGE-USD,0.43174264,1,ask,0.43418639,0.0056602,2024-12-09T07:43:48.85358798-05:00
DOGE-USD,0.43156474,1,ask,0.43400405,0.00565225,2024-12-09T07:44:48.987350489-05:00
DOGE-USD,0.43216223,1,ask,0.43460037,0.00564172,2024-12-09T07:45:49.113348965-05:00
DOGE-USD,0.431212875,1,ask,0.4336484,0.00564808,2024-12-09T07:46:49.246760025-05:00
DOGE-USD,0.43065815,1,ask,0.43307599,0.00561429,2024-12-09T07:47:49.37372424-05:00
DOGE-USD,0.4300062,1,ask,0.43244012,0.0056602,2024-12-09T07:48:49.513564966-05:00
DOGE-USD,0.42961737,1,ask,0.43204862,0.00565911,2024-12-09T07:49:49.657203612-05:00
DOGE-USD,0.430133305,1,ask,0.4325534,0.00562638,2024-12-09T07:50:49.793146933-05:00
DOGE-USD,0.42929535,1,ask,0.43172524,0.00566018,2024-12-09T07:51:49.945223879-05:00
DOGE-USD,0.43058016,1,ask,0.43301733,0.0056602,2024-12-09T07:52:50.124897728-05:00
DOGE-USD,0.432180755,1,ask,0.43462064,0.00564552,2024-12-09T07:53:50.28010358-05:00
DOGE-USD,0.433116675,1,ask,0.43553235,0.00557742,2024-12-09T07:54:50.431590037-05:00
DOGE-USD,0.43318326,1,ask,0.43561252,0.00560793,2024-12-09T07:55:50.5624807-05:00
DOGE-USD,0.433283265,1,ask,0.43569653,0.00556972,2024-12-09T07:56:50.701467856-05:00
DOGE-USD,0.434008875,1,ask,0.436363,0.00542414,2024-12-09T07:57:50.87192262-05:00
DOGE-USD,0.43406731,1,ask,0.43640262,0.00538006,2024-12-09T07:58:51.010184447-05:00
DOGE-USD,0.4348085,1,ask,0.437203,0.00550702,2024-12-09T07:59:51.154015289-05:00
DOGE-USD,0.4351102,1,ask,0.4374894,0.00546804,2024-12-09T08:00:51.282584878-05:00
DOGE-USD,0.434987905,1,ask,0.43731381,0.00534706,2024-12-09T08:01:51.427147372-05:00
DOGE-USD,0.433800475,1,ask,0.43622495,0.00558892,2024-12-09T08:02:51.572528469-05:00
DOGE-USD,0.433103835,1,ask,0.43552167,0.00558258,2024-12-09T08:03:51.725018471-05:00
DOGE-USD,0.4321047,1,ask,0.4344944,0.00553037,2024-12-09T08:04:51.868601907-05:00
DOGE-USD,0.433426535,1,ask,0.43578144,0.00543323,2024-12-09T08:05:52.008910464-05:00
DOGE-USD,0.434047825,1,ask,0.43643865,0.00550821,2024-12-09T08:06:52.159103433-05:00
DOGE-USD,0.434012715,1,ask,0.43639843,0.00549688,2024-12-09T08:07:52.286623337-05:00
DOGE-USD,0.434168315,1,ask,0.43652908,0.00543744,2024-12-09T08:08:52.426180001-05:00
DOGE-USD,0.433878945,1,ask,0.43624561,0.00545467,2024-12-09T08:09:52.552057457-05:00
DOGE-USD,0.43475659,1,ask,0.43715866,0.00552509,2024-12-09T08:10:52.694507744-05:00
DOGE-USD,0.435005345,1,ask,0.43740754,0.00552222,2024-12-09T08:11:52.831719018-05:00
DOGE-USD,0.434762035,1,ask,0.43717265,0.00554468,2024-12-09T08:12:52.96114203-05:00
DOGE-USD,0.43454812,1,ask,0.43697045,0.00557437,2024-12-09T08:13:53.114069047-05:00
