symbol,price,quantity,side,ask_inclusive_of_buy_spread,buy_spread,timestamp
BTC-USD,97101.987204,1,ask,97122.541424,0.00021168,2024-12-10T16:55:18.501666493-05:00
BTC-USD,97096.84741,1,ask,97100.91482,0.00004189,2024-12-10T16:56:19.09023275-05:00
BTC-USD,96930.781534,1,ask,96935.563068,0.00004933,2024-12-10T16:57:19.679948795-05:00
BTC-USD,97007.102664,1,ask,97019.021232,0.00012286,2024-12-10T16:58:20.262170908-05:00
BTC-USD,96838.005,1,ask,96842.01,0.00004136,2024-12-10T16:59:20.893386386-05:00
BTC-USD,96959.951702,1,ask,96969.7344,0.00010089,2024-12-10T17:00:21.49519719-05:00
BTC-USD,97106.052492,1,ask,97115.4458,0.00009673,2024-12-10T17:01:22.155973239-05:00
BTC-USD,97119.294032,1,ask,97127.335568,0.0000828,2024-12-10T17:02:23.817044765-05:00
BTC-USD,97149.729356,1,ask,97157.95848,0.00008471,2024-12-10T17:03:24.449319402-05:00
BTC-USD,97109.847278,1,ask,97117.939444,0.00008333,2024-12-10T17:04:25.093992722-05:00
BTC-USD,97133.30643,1,ask,97142.6,0.00009568,2024-12-10T17:05:25.725462981-05:00
BTC-USD,97102.109398,1,ask,97111.836204,0.00010017,2024-12-10T17:06:26.436256306-05:00
BTC-USD,97137.56636,1,ask,97144.934192,0.00007585,2024-12-10T17:07:27.107042224-05:00
BTC-USD,96959,1,ask,96972,0.00013408,2024-12-10T17:08:27.834495198-05:00
BTC-USD,97069.662892,1,ask,97081.415692,0.00012108,2024-12-10T17:09:28.654381494-05:00
BTC-USD,97048.395,1,ask,97065.5,0.00017625,2024-12-10T17:10:29.49040386-05:00
BTC-USD,96939.633486,1,ask,96948.506316,0.00009153,2024-12-10T17:11:30.104295905-05:00
BTC-USD,96775.474972,1,ask,96780.799944,0.00005502,2024-12-10T17:12:30.760940379-05:00
BTC-USD,96808.561716,1,ask,96818.833624,0.00010611,2024-12-10T17:13:31.394020012-05:00
BTC-USD,96859.810686,1,ask,96864.601372,0.00004946,2024-12-10T17:14:31.993394105-05:00
BTC-USD,96858.255,1,ask,96879,0.00021418,2024-12-10T17:15:32.602183977-05:00
BTC-USD,96813.125,1,ask,96829.75,0.00017172,2024-12-10T17:16:33.24578918-05:00
BTC-USD,96748,1,ask,96762,0.00014471,2024-12-10T17:17:33.837718584-05:00
BTC-USD,96710.50143,1,ask,96715.84286,0.00005523,2024-12-10T17:18:34.453774459-05:00
BTC-USD,96690.085146,1,ask,96695.370292,0.00005466,2024-12-10T17:19:35.099339928-05:00
BTC-USD,96791.179614,1,ask,96794.169228,0.00003089,2024-12-10T17:20:35.7085393-05:00
BTC-USD,96664.478976,1,ask,96664.957952,0.00000496,2024-12-10T17:21:36.337022115-05:00
BTC-USD,96801.56231,1,ask,96804.02462,0.00002544,2024-12-10T17:22:36.949690182-05:00
BTC-USD,96765.276678,1,ask,96774.115788,0.00009135,2024-12-10T17:23:37.552038883-05:00
BTC-USD,96753.73171,1,ask,96762.261472,0.00008816,2024-12-10T17:24:38.178223332-05:00
BTC-USD,96773.278376,1,ask,96781.728568,0.00008732,2024-12-10T17:25:38.77622158-05:00
BTC-USD,96733.9086,1,ask,96742.606964,0.00008992,2024-12-10T17:26:39.444933433-05:00
BTC-USD,96738.982082,1,ask,96745.31878,0.0000655,2024-12-10T17:27:40.306525952-05:00
BTC-USD,96772.306222,1,ask,96784.625324,0.0001273,2024-12-10T17:28:41.218938222-05:00
BTC-USD,96789.796514,1,ask,96798.083956,0.00008562,2024-12-10T17:29:41.839158468-05:00
BTC-USD,96883.926616,1,ask,96904.377708,0.00021109,2024-12-10T17:30:42.472896046-05:00
BTC-USD,96900.654424,1,ask,96936.227176,0.00036711,2024-12-10T17:31:43.086062797-05:00
BTC-USD,96904.863932,1,ask,96923.297788,0.00019023,2024-12-10T17:32:43.805146651-05:00
BTC-USD,97060.214524,1,ask,97069.459048,0.00009525,2024-12-10T17:33:44.467070909-05:00
BTC-USD,97081.790074,1,ask,97092.870148,0.00011413,2024-12-10T17:34:45.082115922-05:00
BTC-USD,97082.80128,1,ask,97094.98256,0.00012547,2024-12-10T17:35:45.719278678-05:00
BTC-USD,97006.319676,1,ask,97018.639352,0.000127,2024-12-10T17:36:46.353006902-05:00
BTC-USD,96925.1291,1,ask,96933.8882,0.00009037,2024-12-10T17:37:46.995770611-05:00
BTC-USD,96926.314376,1,ask,96942.728752,0.00016935,2024-12-10T17:38:47.693028649-05:00
BTC-USD,96918.630868,1,ask,96940.2047,0.0002226,2024-12-10T17:39:48.433553123-05:00
BTC-USD,96899.872894,1,ask,96911.845788,0.00012356,2024-12-10T17:40:49.036644787-05:00
BTC-USD,96828.297614,1,ask,96842.395228,0.00014559,2024-12-10T17:41:49.646400404-05:00
BTC-USD,96832.79701,1,ask,96841.30402,0.00008785,2024-12-10T17:42:50.268476298-05:00
BTC-USD,96816.624412,1,ask,96829.148824,0.00012936,2024-12-10T17:43:50.927175492-05:00
BTC-USD,96806.723434,1,ask,96818.246868,0.00011904,2024-12-10T17:44:51.520523326-05:00
BTC-USD,96861.251836,1,ask,96871.603672,0.00010687,2024-12-10T17:45:52.109870906-05:00
BTC-USD,96863.315534,1,ask,96874.431068,0.00011475,2024-12-10T17:46:52.696274092-05:00
BTC-USD,96855.902476,1,ask,96865.574952,0.00009986,2024-12-10T17:47:53.317104124-05:00
BTC-USD,96921.355008,1,ask,96932.610016,0.00011613,2024-12-10T17:48:53.914720243-05:00
BTC-USD,96962.903656,1,ask,96973.107312,0.00010523,2024-12-10T17:49:54.483741114-05:00
BTC-USD,96959.590082,1,ask,96974.660164,0.00015543,2024-12-10T17:50:55.09139228-05:00
BTC-USD,96923.92529,1,ask,96933.80058,0.00010189,2024-12-10T17:51:55.81662314-05:00
BTC-USD,96912.891028,1,ask,96923.482056,0.00010928,2024-12-10T17:52:56.453019161-05:00
BTC-USD,96954.564724,1,ask,96969.779448,0.00015693,2024-12-10T17:53:57.273812337-05:00
BTC-USD,96959.521436,1,ask,96964.832872,0.00005478,2024-12-10T17:54:57.909486791-05:00
BTC-USD,96950.650214,1,ask,96963.680428,0.0001344,2024-12-10T17:55:58.562263442-05:00
BTC-USD,96861.096088,1,ask,96869.512176,0.00008689,2024-12-10T17:56:59.195113474-05:00
BTC-USD,96971.243868,1,ask,96974.887736,0.00003758,2024-12-10T17:57:59.860468796-05:00
BTC-USD,96996.553664,1,ask,97009.117328,0.00012953,2024-12-10T17:59:00.476087473-05:00
BTC-USD,96942.25133,1,ask,96951.44782,0.00009487,2024-12-10T18:00:01.102395696-05:00
BTC-USD,97000.901954,1,ask,97007.603908,0.00006909,2024-12-10T18:01:01.708563445-05:00
BTC-USD,97105.629058,1,ask,97111.478116,0.00006023,2024-12-10T18:02:02.553182151-05:00
BTC-USD,97150.636932,1,ask,97152.923864,0.00002354,2024-12-10T18:03:03.197237628-05:00
BTC-USD,97135.56378,1,ask,97146.639568,0.00011402,2024-12-10T18:04:04.904601052-05:00
BTC-USD,97176.780096,1,ask,97182.740192,0.00006133,2024-12-10T18:05:05.491317678-05:00
BTC-USD,97193.215152,1,ask,97198.930304,0.0000588,2024-12-10T18:06:06.115579757-05:00
BTC-USD,97199.865,1,ask,97211.73,0.00012207,2024-12-10T18:07:06.754999361-05:00
BTC-USD,97069.442626,1,ask,97072.995252,0.0000366,2024-12-10T18:08:07.368166048-05:00
BTC-USD,97091.658154,1,ask,97098.176308,0.00006713,2024-12-10T18:09:07.983185753-05:00
BTC-USD,97010.882902,1,ask,97016.408268,0.00005696,2024-12-10T18:10:08.589671716-05:00
BTC-USD,97063.6231,1,ask,97068.6562,0.00005185,2024-12-10T18:11:09.448017005-05:00
BTC-USD,97039.608396,1,ask,97055.05244,0.00015915,2024-12-10T18:12:10.100539412-05:00
BTC-USD,97047.051158,1,ask,97052.102316,0.00005205,2024-12-10T18:13:10.753674744-05:00
BTC-USD,96904.468914,1,ask,96910.787828,0.00006521,2024-12-10T18:14:11.416370492-05:00
BTC-USD,96967.52368,1,ask,96975.856336,0.00008593,2024-12-10T18:15:12.010157498-05:00
BTC-USD,97006.59306,1,ask,97011.32612,0.00004879,2024-12-10T18:16:12.675025305-05:00
BTC-USD,97019.33838,1,ask,97025.05676,0.00005894,2024-12-10T18:17:13.29503196-05:00
BTC-USD,97014.297852,1,ask,97022.177176,0.00008122,2024-12-10T18:18:13.885854804-05:00
BTC-USD,97062.0515,1,ask,97064.253,0.00002268,2024-12-10T18:19:14.472246096-05:00
BTC-USD,97172.813268,1,ask,97177.236536,0.00004552,2024-12-10T18:20:15.072475379-05:00
BTC-USD,97076.897468,1,ask,97080.654936,0.00003871,2024-12-10T18:21:15.704880431-05:00
BTC-USD,97047.682468,1,ask,97050.274936,0.00002671,2024-12-10T18:22:16.314058658-05:00
BTC-USD,97015.40241,1,ask,97018.91482,0.0000362,2024-12-10T18:23:16.912961464-05:00
BTC-USD,97010.115206,1,ask,97013.440412,0.00003428,2024-12-10T18:24:17.564626913-05:00
BTC-USD,96999.69392,1,ask,97000.59784,0.00000932,2024-12-10T18:25:18.242581886-05:00
BTC-USD,96982.05064,1,ask,96984.26128,0.00002279,2024-12-10T18:26:18.899851531-05:00
BTC-USD,97067.61816,1,ask,97081.36988,0.00014167,2024-12-10T18:27:19.472191661-05:00
BTC-USD,97034.4679,1,ask,97038.9358,0.00004604,2024-12-10T18:28:20.152203397-05:00
BTC-USD,97073.531768,1,ask,97075.183536,0.00001702,2024-12-10T18:29:20.859405286-05:00
BTC-USD,97069.57311,1,ask,97076.00622,0.00006627,2024-12-10T18:30:21.48544013-05:00
BTC-USD,97006.000368,1,ask,97013.000736,0.00007216,2024-12-10T18:31:22.075285011-05:00
BTC-USD,97037.687574,1,ask,97045.735148,0.00008293,2024-12-10T18:32:22.661303611-05:00
BTC-USD,97075.070368,1,ask,97082.000736,0.00007139,2024-12-10T18:33:23.280248627-05:00
BTC-USD,97074.584216,1,ask,97084.028432,0.00009729,2024-12-10T18:34:23.894736347-05:00
BTC-USD,97167.720752,1,ask,97189.73972,0.00022661,2024-12-10T18:35:24.535857395-05:00
BTC-USD,97109.988302,1,ask,97126.336604,0.00016835,2024-12-10T18:36:25.147417075-05:00
BTC-USD,97036.947254,1,ask,97044.754508,0.00008046,2024-12-10T18:37:25.758276819-05:00
BTC-USD,97020.753168,1,ask,97026.866336,0.00006301,2024-12-10T18:38:26.433234385-05:00
BTC-USD,96924.987304,1,ask,96936.974608,0.00012368,2024-12-10T18:39:27.330675603-05:00
BTC-USD,96949.728968,1,ask,96956.307936,0.00006786,2024-12-10T18:40:27.927991581-05:00
BTC-USD,96901.399882,1,ask,96905.799764,0.00004541,2024-12-10T18:41:28.517776888-05:00
BTC-USD,96869.914284,1,ask,96878.178568,0.00008531,2024-12-10T18:42:29.162708394-05:00
BTC-USD,96705.7188,1,ask,96719.5376,0.0001429,2024-12-10T18:43:29.759685973-05:00
BTC-USD,96769.974882,1,ask,96777.289764,0.00007559,2024-12-10T18:44:30.359734203-05:00
BTC-USD,96771.8488,1,ask,96785.5376,0.00014145,2024-12-10T18:45:30.956821727-05:00
BTC-USD,96664.582514,1,ask,96672.065028,0.00007741,2024-12-10T18:46:31.569978974-05:00
BTC-USD,96593.818596,1,ask,96601.637192,0.00008094,2024-12-10T18:47:32.187368644-05:00
BTC-USD,96597.449296,1,ask,96603.728592,0.000065,2024-12-10T18:48:32.807151304-05:00
BTC-USD,96645.299562,1,ask,96651.499124,0.00006415,2024-12-10T18:49:33.402204072-05:00
BTC-USD,96650.57618,1,ask,96664.76236,0.00014678,2024-12-10T18:50:34.077741156-05:00
BTC-USD,96681.674182,1,ask,96688.188364,0.00006738,2024-12-10T18:51:34.724755219-05:00
BTC-USD,96649.606982,1,ask,96656.553964,0.00007188,2024-12-10T18:52:35.398509104-05:00
BTC-USD,96691.9488,1,ask,96700.5376,0.00008883,2024-12-10T18:53:36.006143398-05:00
BTC-USD,96642.063328,1,ask,96652.517404,0.00010817,2024-12-10T18:54:36.581101497-05:00
BTC-USD,96650.255716,1,ask,96661.086,0.00011206,2024-12-10T18:55:37.195859466-05:00
BTC-USD,96723.286448,1,ask,96727.372896,0.00004225,2024-12-10T18:56:37.815705235-05:00
BTC-USD,96671.875262,1,ask,96674.590524,0.00002809,2024-12-10T18:57:38.435948653-05:00
BTC-USD,96682.05214,1,ask,96686.00428,0.00004088,2024-12-10T18:58:39.026052795-05:00
BTC-USD,96661.6258,1,ask,96665.4516,0.00003958,2024-12-10T18:59:39.672142071-05:00
BTC-USD,96708.28,1,ask,96718.9,0.00010981,2024-12-10T19:00:40.297453733-05:00
BTC-USD,96626.980582,1,ask,96630.371164,0.00003509,2024-12-10T19:01:40.901799788-05:00
BTC-USD,96655.646282,1,ask,96678.378564,0.00023519,2024-12-10T19:02:41.470903011-05:00
BTC-USD,96705.883482,1,ask,96712.606964,0.00006953,2024-12-10T19:03:42.067628825-05:00
BTC-USD,96772.702452,1,ask,96783.204904,0.00010853,2024-12-10T19:04:42.730232569-05:00
BTC-USD,96836.710694,1,ask,96843.771388,0.00007291,2024-12-10T19:05:43.365913193-05:00
BTC-USD,96709.970648,1,ask,96721.7,0.00012128,2024-12-10T19:06:44.052823212-05:00
BTC-USD,96762.90738,1,ask,96776.65476,0.00014207,2024-12-10T19:07:44.694931178-05:00
BTC-USD,96788.587782,1,ask,96794.515564,0.00006124,2024-12-10T19:08:45.360340003-05:00
BTC-USD,96828.898436,1,ask,96844.17794,0.0001578,2024-12-10T19:09:46.014979468-05:00
BTC-USD,96891.316282,1,ask,96897.982564,0.0000688,2024-12-10T19:10:46.702044268-05:00
BTC-USD,96826.699768,1,ask,96832.749536,0.00006248,2024-12-10T19:11:47.34921516-05:00
BTC-USD,96888.770582,1,ask,96895.891164,0.00007349,2024-12-10T19:12:47.957192433-05:00
BTC-USD,96898.674134,1,ask,96905.198268,0.00006733,2024-12-10T19:13:48.587503172-05:00
BTC-USD,96851.575854,1,ask,96859.161708,0.00007832,2024-12-10T19:14:49.225670815-05:00
BTC-USD,96753.846486,1,ask,96757.532972,0.0000381,2024-12-10T19:15:49.953031092-05:00
BTC-USD,96649.230474,1,ask,96651.160948,0.00001997,2024-12-10T19:16:50.575704831-05:00
BTC-USD,96649.258536,1,ask,96651.617072,0.0000244,2024-12-10T19:17:51.197389245-05:00
BTC-USD,96636.462836,1,ask,96639.025672,0.00002652,2024-12-10T19:18:51.841457944-05:00
BTC-USD,96655.887974,1,ask,96662.875948,0.0000723,2024-12-10T19:19:52.478306063-05:00
BTC-USD,96806.491196,1,ask,96831.061688,0.00025381,2024-12-10T19:20:53.112363778-05:00
BTC-USD,96749.36703,1,ask,96755.57406,0.00006416,2024-12-10T19:21:54.00274557-05:00
BTC-USD,96780.978406,1,ask,96790.28322,0.00009614,2024-12-10T19:22:54.619688075-05:00
BTC-USD,96629.742396,1,ask,96634.184792,0.00004597,2024-12-10T19:23:55.244404308-05:00
BTC-USD,96481.519454,1,ask,96485.938908,0.00004581,2024-12-10T19:24:55.908303456-05:00
BTC-USD,96433.05896,1,ask,96436.57792,0.00003649,2024-12-10T19:25:56.572289141-05:00
BTC-USD,96436.67935,1,ask,96440.7387,0.00004209,2024-12-10T19:26:57.218174654-05:00
BTC-USD,96466.03381,1,ask,96470.53762,0.00004669,2024-12-10T19:27:57.89554529-05:00
BTC-USD,96448.589228,1,ask,96455.008456,0.00006656,2024-12-10T19:28:58.545298497-05:00
BTC-USD,96360.400826,1,ask,96369.991652,0.00009953,2024-12-10T19:29:59.227803181-05:00
BTC-USD,96360.961528,1,ask,96369.55774,0.00008921,2024-12-10T19:30:59.812094254-05:00
BTC-USD,96476.202258,1,ask,96479.174516,0.00003081,2024-12-10T19:32:00.455705397-05:00
BTC-USD,96434.746864,1,ask,96443.524908,0.00009103,2024-12-10T19:33:01.08117924-05:00
BTC-USD,96281.480522,1,ask,96287.201044,0.00005941,2024-12-10T19:34:01.758139201-05:00
BTC-USD,96285.234464,1,ask,96296.874908,0.0001209,2024-12-10T19:35:02.368596622-05:00
BTC-USD,96340.554676,1,ask,96343.679352,0.00003243,2024-12-10T19:36:03.029886047-05:00
BTC-USD,96245.817594,1,ask,96254.053224,0.00008557,2024-12-10T19:37:03.661160616-05:00
BTC-USD,96275.35881,1,ask,96278.01762,0.00002762,2024-12-10T19:38:04.297521798-05:00
BTC-USD,96219.712994,1,ask,96229.312968,0.00009977,2024-12-10T19:39:04.955297138-05:00
BTC-USD,96202.365116,1,ask,96216.709476,0.00014911,2024-12-10T19:40:05.56788628-05:00
BTC-USD,96100.849336,1,ask,96106.008672,0.00005369,2024-12-10T19:41:06.205678863-05:00
BTC-USD,96078.43184,1,ask,96085.816648,0.00007686,2024-12-10T19:42:06.824232528-05:00
BTC-USD,96049.42316,1,ask,96052.58632,0.00003293,2024-12-10T19:43:07.484220959-05:00
BTC-USD,95959.625066,1,ask,95968.30568,0.00009046,2024-12-10T19:44:08.096515746-05:00
BTC-USD,96029.938678,1,ask,96050.482844,0.00021394,2024-12-10T19:45:08.730989311-05:00
BTC-USD,95987.069028,1,ask,95994.482136,0.00007723,2024-12-10T19:46:09.342088203-05:00
BTC-USD,96169.523046,1,ask,96173.046092,0.00003663,2024-12-10T19:47:09.996288487-05:00
BTC-USD,96208.358476,1,ask,96223.846952,0.00016099,2024-12-10T19:48:10.673984919-05:00
BTC-USD,96238.256932,1,ask,96241.333864,0.00003197,2024-12-10T19:49:11.358153635-05:00
BTC-USD,96185.585366,1,ask,96189.740732,0.0000432,2024-12-10T19:50:12.015445306-05:00
BTC-USD,96187.328916,1,ask,96191.377832,0.00004209,2024-12-10T19:51:12.672358108-05:00
BTC-USD,96278.224496,1,ask,96288.095436,0.00010253,2024-12-10T19:52:13.297333139-05:00
BTC-USD,96417.659606,1,ask,96425.149212,0.00007768,2024-12-10T19:53:13.941241024-05:00
BTC-USD,96467.71217,1,ask,96474.23434,0.00006761,2024-12-10T19:54:14.566914484-05:00
BTC-USD,96500.960266,1,ask,96518.293696,0.00017962,2024-12-10T19:55:15.214546613-05:00
BTC-USD,96575.609596,1,ask,96584.16,0.00008854,2024-12-10T19:56:15.841339605-05:00
BTC-USD,96569.550498,1,ask,96577.130996,0.0000785,2024-12-10T19:57:16.483513268-05:00
BTC-USD,96425.90966,1,ask,96435.880808,0.00010341,2024-12-10T19:58:17.106373044-05:00
BTC-USD,96481.496376,1,ask,96494.133612,0.00013098,2024-12-10T19:59:17.713229769-05:00
BTC-USD,96425.949798,1,ask,96433.689596,0.00008027,2024-12-10T20:00:18.376117683-05:00
BTC-USD,96327.853328,1,ask,96337.934392,0.00010465,2024-12-10T20:01:18.991885737-05:00
BTC-USD,96298.040672,1,ask,96303.161344,0.00005318,2024-12-10T20:02:19.633906535-05:00
BTC-USD,96197.931008,1,ask,96208.497596,0.00010984,2024-12-10T20:03:20.251894947-05:00
BTC-USD,96265.821482,1,ask,96280.619284,0.00015372,2024-12-10T20:04:20.871039643-05:00
BTC-USD,96265.75779,1,ask,96283.128212,0.00018044,2024-12-10T20:05:21.502373436-05:00
BTC-USD,96367.201122,1,ask,96376.048684,0.00009181,2024-12-10T20:06:22.146820781-05:00
BTC-USD,96431.699332,1,ask,96443.128664,0.00011852,2024-12-10T20:07:22.760307652-05:00
BTC-USD,96364.440306,1,ask,96369.730612,0.0000549,2024-12-10T20:08:23.372398459-05:00
BTC-USD,96238.027186,1,ask,96247.00308,0.00009327,2024-12-10T20:09:24.016589879-05:00
BTC-USD,96205.411432,1,ask,96211.142864,0.00005957,2024-12-10T20:10:24.623237349-05:00
BTC-USD,96127.988512,1,ask,96134.907024,0.00007197,2024-12-10T20:11:25.262736735-05:00
BTC-USD,96218.216902,1,ask,96225.783804,0.00007864,2024-12-10T20:12:25.923183175-05:00
