symbol,price,quantity,side,ask_inclusive_of_buy_spread,buy_spread,timestamp
DOGE-USD,0.401525265,1,ask,0.40340953,0.00469277,2024-12-11T06:04:09.940164118-05:00
DOGE-USD,0.40133862,1,ask,0.40320424,0.00464849,2024-12-11T06:05:10.760210419-05:00
DOGE-USD,0.400959,1,ask,0.401241,0.00070331,2024-12-11T06:06:11.607285996-05:00
DOGE-USD,0.400909775,1,ask,0.40277855,0.00466134,2024-12-11T06:07:12.448377457-05:00
DOGE-USD,0.40025,1,ask,0.400388,0.00034478,2024-12-11T06:08:13.319192515-05:00
DOGE-USD,0.400653935,1,ask,0.40251187,0.00463726,2024-12-11T06:09:14.158266521-05:00
DOGE-USD,0.4001915,1,ask,0.400329,0.00034359,2024-12-11T06:10:14.971145572-05:00
DOGE-USD,0.4000955,1,ask,0.400233,0.00034367,2024-12-11T06:11:15.78502768-05:00
DOGE-USD,0.399915,1,ask,0.399916,0.0000025,2024-12-11T06:12:16.582388185-05:00
DOGE-USD,0.400554995,1,ask,0.40236699,0.00452371,2024-12-11T06:13:17.359774984-05:00
DOGE-USD,0.40074825,1,ask,0.4026125,0.00465192,2024-12-11T06:14:18.232787953-05:00
DOGE-USD,0.401369805,1,ask,0.40326361,0.00471835,2024-12-11T06:15:19.036531729-05:00
DOGE-USD,0.401736375,1,ask,0.40360275,0.00464577,2024-12-11T06:16:19.883619714-05:00
DOGE-USD,0.403009685,1,ask,0.40483737,0.00453509,2024-12-11T06:17:20.717374655-05:00
DOGE-USD,0.4046505,1,ask,0.405007,0.00088101,2024-12-11T06:18:21.500808503-05:00
DOGE-USD,0.404596,1,ask,0.404603,0.0000173,2024-12-11T06:19:22.383870192-05:00
DOGE-USD,0.4036945,1,ask,0.403701,0.0000161,2024-12-11T06:20:23.219943575-05:00
DOGE-USD,0.40339164,1,ask,0.40527128,0.00465959,2024-12-11T06:21:24.094665555-05:00
DOGE-USD,0.40348345,1,ask,0.4053699,0.00467541,2024-12-11T06:22:24.917142338-05:00
DOGE-USD,0.4020125,1,ask,0.402151,0.00034452,2024-12-11T06:23:25.757826572-05:00
DOGE-USD,0.4039088,1,ask,0.4057746,0.00461936,2024-12-11T06:24:26.605751777-05:00
DOGE-USD,0.403428265,1,ask,0.40531953,0.00468798,2024-12-11T06:25:27.445784274-05:00
DOGE-USD,0.40365228,1,ask,0.40551556,0.00461605,2024-12-11T06:26:28.301262164-05:00
DOGE-USD,0.40343978,1,ask,0.40529256,0.00459246,2024-12-11T06:27:29.157633733-05:00
DOGE-USD,0.403912495,1,ask,0.40618091,0.00561611,2024-12-11T06:28:30.036604055-05:00
DOGE-USD,0.404272875,1,ask,0.40613875,0.00461539,2024-12-11T06:29:30.931905522-05:00
DOGE-USD,0.40462,1,ask,0.406496,0.00463645,2024-12-11T06:30:31.779337093-05:00
DOGE-USD,0.403315,1,ask,0.403415,0.00024795,2024-12-11T06:31:32.607624161-05:00
DOGE-USD,0.404161,1,ask,0.4043,0.00034392,2024-12-11T06:32:33.453637472-05:00
DOGE-USD,0.404933235,1,ask,0.40719687,0.00559014,2024-12-11T06:33:34.251741966-05:00
DOGE-USD,0.4045415,1,ask,0.404706,0.00040663,2024-12-11T06:34:35.116289595-05:00
DOGE-USD,0.40485307,1,ask,0.40712464,0.00561085,2024-12-11T06:35:36.003235362-05:00
DOGE-USD,0.404942,1,ask,0.405081,0.00034326,2024-12-11T06:36:37.809710462-05:00
DOGE-USD,0.405686535,1,ask,0.40751607,0.00450973,2024-12-11T06:37:38.64965349-05:00
DOGE-USD,0.4036305,1,ask,0.403634,0.00000867,2024-12-11T06:38:39.428732703-05:00
DOGE-USD,0.403546,1,ask,0.403798,0.00062446,2024-12-11T06:39:40.251981796-05:00
DOGE-USD,0.4025815,1,ask,0.402604,0.00005589,2024-12-11T06:40:41.074266206-05:00
DOGE-USD,0.402922,1,ask,0.402954,0.00007942,2024-12-11T06:41:41.90781751-05:00
DOGE-USD,0.402494,1,ask,0.402612,0.00029317,2024-12-11T06:42:42.719999905-05:00
DOGE-USD,0.402472,1,ask,0.402475,0.00000745,2024-12-11T06:43:43.529134964-05:00
DOGE-USD,0.402638,1,ask,0.402657,0.00004719,2024-12-11T06:44:44.378887659-05:00
DOGE-USD,0.403008,1,ask,0.403017,0.00002233,2024-12-11T06:45:45.236033249-05:00
DOGE-USD,0.4025085,1,ask,0.402647,0.00034409,2024-12-11T06:46:46.107654295-05:00
DOGE-USD,0.4010393,1,ask,0.402664,0.00405122,2024-12-11T06:47:47.000708032-05:00
DOGE-USD,0.4021875,1,ask,0.402326,0.00034437,2024-12-11T06:48:47.815542502-05:00
DOGE-USD,0.40165345,1,ask,0.4033089,0.00412159,2024-12-11T06:49:48.666598366-05:00
DOGE-USD,0.40186,1,ask,0.401952,0.00022894,2024-12-11T06:50:49.534643107-05:00
DOGE-USD,0.4017235,1,ask,0.40179,0.00016554,2024-12-11T06:51:50.353808738-05:00
DOGE-USD,0.401825,1,ask,0.401826,0.00000249,2024-12-11T06:52:51.178036451-05:00
DOGE-USD,0.402002,1,ask,0.402055,0.00013184,2024-12-11T06:53:52.008573953-05:00
DOGE-USD,0.402272,1,ask,0.402335,0.00015661,2024-12-11T06:54:52.862220304-05:00
DOGE-USD,0.4019084,1,ask,0.4034938,0.00394468,2024-12-11T06:55:53.648559867-05:00
DOGE-USD,0.4025021,1,ask,0.4041282,0.00403998,2024-12-11T06:56:54.450869935-05:00
DOGE-USD,0.402191,1,ask,0.402238,0.00011686,2024-12-11T06:57:55.315937021-05:00
DOGE-USD,0.4025195,1,ask,0.402565,0.00011304,2024-12-11T06:58:56.154463309-05:00
DOGE-USD,0.4024455,1,ask,0.40248,0.00008573,2024-12-11T06:59:57.059669616-05:00
DOGE-USD,0.4028776,1,ask,0.4050571,0.00540983,2024-12-11T07:00:57.90949299-05:00
DOGE-USD,0.402833435,1,ask,0.4049151,0.00516756,2024-12-11T07:01:58.748400809-05:00
DOGE-USD,0.402796,1,ask,0.4048999,0.00522324,2024-12-11T07:02:59.617361601-05:00
DOGE-USD,0.402971425,1,ask,0.4051314,0.00536012,2024-12-11T07:04:00.487260667-05:00
DOGE-USD,0.403687165,1,ask,0.4058872,0.00544985,2024-12-11T07:05:01.349422079-05:00
DOGE-USD,0.403535075,1,ask,0.4058216,0.00566624,2024-12-11T07:06:02.230087767-05:00
DOGE-USD,0.40404999,1,ask,0.40626418,0.00547999,2024-12-11T07:07:03.086660043-05:00
DOGE-USD,0.40370237,1,ask,0.40594245,0.00554884,2024-12-11T07:08:03.893189182-05:00
DOGE-USD,0.40348596,1,ask,0.40567373,0.00542217,2024-12-11T07:09:04.690674201-05:00
DOGE-USD,0.4033955,1,ask,0.403534,0.00034334,2024-12-11T07:10:05.47159677-05:00
DOGE-USD,0.403253,1,ask,0.403301,0.00011903,2024-12-11T07:11:06.315624401-05:00
DOGE-USD,0.4024045,1,ask,0.402453,0.00012053,2024-12-11T07:12:07.198908398-05:00
DOGE-USD,0.403193565,1,ask,0.40496713,0.00439879,2024-12-11T07:13:08.028122502-05:00
DOGE-USD,0.403219,1,ask,0.403299,0.0001984,2024-12-11T07:14:08.807916831-05:00
DOGE-USD,0.40255,1,ask,0.403662,0.00276239,2024-12-11T07:15:09.634941312-05:00
DOGE-USD,0.4016455,1,ask,0.401685,0.00009835,2024-12-11T07:16:10.517333001-05:00
DOGE-USD,0.4022195,1,ask,0.40229,0.00017528,2024-12-11T07:17:11.305800127-05:00
DOGE-USD,0.403531,1,ask,0.40367,0.00034446,2024-12-11T07:18:12.109553249-05:00
DOGE-USD,0.402962,1,ask,0.40303,0.00016875,2024-12-11T07:19:12.956699967-05:00
DOGE-USD,0.4032756,1,ask,0.4050382,0.00437071,2024-12-11T07:20:13.841640194-05:00
DOGE-USD,0.4036705,1,ask,0.403772,0.00025144,2024-12-11T07:21:14.636935413-05:00
DOGE-USD,0.403612,1,ask,0.403719,0.00026511,2024-12-11T07:22:15.487079218-05:00
DOGE-USD,0.4031429,1,ask,0.4049068,0.00437537,2024-12-11T07:23:16.334894345-05:00
DOGE-USD,0.403218,1,ask,0.403297,0.00019592,2024-12-11T07:24:17.120836034-05:00
DOGE-USD,0.4034175,1,ask,0.4035,0.0002045,2024-12-11T07:25:18.151608228-05:00
DOGE-USD,0.40394673,1,ask,0.40576146,0.0044925,2024-12-11T07:26:18.893263532-05:00
DOGE-USD,0.4037285,1,ask,0.403775,0.00011518,2024-12-11T07:27:19.69300428-05:00
DOGE-USD,0.403389615,1,ask,0.40516823,0.00440917,2024-12-11T07:28:20.566346124-05:00
DOGE-USD,0.4038225,1,ask,0.403823,0.00000124,2024-12-11T07:29:21.366414316-05:00
DOGE-USD,0.404089,1,ask,0.404196,0.00026479,2024-12-11T07:30:22.213008194-05:00
DOGE-USD,0.4046615,1,ask,0.404803,0.00034967,2024-12-11T07:31:23.013465067-05:00
DOGE-USD,0.4042605,1,ask,0.404347,0.00021397,2024-12-11T07:32:23.801786362-05:00
DOGE-USD,0.404972585,1,ask,0.40676717,0.00443137,2024-12-11T07:33:24.575076499-05:00
DOGE-USD,0.404348,1,ask,0.404451,0.00025473,2024-12-11T07:34:25.34799402-05:00
DOGE-USD,0.404539,1,ask,0.404634,0.00023484,2024-12-11T07:35:26.10860186-05:00
DOGE-USD,0.404537,1,ask,0.40467,0.00032877,2024-12-11T07:36:26.89806584-05:00
DOGE-USD,0.4054505,1,ask,0.405524,0.00018128,2024-12-11T07:37:27.718863088-05:00
DOGE-USD,0.404977,1,ask,0.405018,0.00010124,2024-12-11T07:38:28.520854691-05:00
DOGE-USD,0.4057165,1,ask,0.405856,0.00034384,2024-12-11T07:39:29.357357539-05:00
DOGE-USD,0.405743,1,ask,0.405858,0.00028343,2024-12-11T07:40:30.173474477-05:00
DOGE-USD,0.405656,1,ask,0.405785,0.000318,2024-12-11T07:41:30.960358408-05:00
DOGE-USD,0.4052775,1,ask,0.405343,0.00016162,2024-12-11T07:42:31.757965399-05:00
DOGE-USD,0.4045955,1,ask,0.404651,0.00013717,2024-12-11T07:43:32.588904481-05:00
DOGE-USD,0.404466515,1,ask,0.40623403,0.00436999,2024-12-11T07:44:33.376016545-05:00
DOGE-USD,0.4040105,1,ask,0.404122,0.00027598,2024-12-11T07:45:34.207335123-05:00
DOGE-USD,0.40353448,1,ask,0.405168,0.00404803,2024-12-11T07:46:34.974016956-05:00
DOGE-USD,0.4042655,1,ask,0.404274,0.00002103,2024-12-11T07:47:35.787030147-05:00
DOGE-USD,0.40414595,1,ask,0.4058419,0.00419638,2024-12-11T07:48:36.630831601-05:00
DOGE-USD,0.40409001,1,ask,0.40568102,0.00393727,2024-12-11T07:49:37.550526568-05:00
DOGE-USD,0.403649,1,ask,0.403728,0.00019571,2024-12-11T07:50:38.368408316-05:00
DOGE-USD,0.40330073,1,ask,0.40501746,0.0042567,2024-12-11T07:51:39.134604674-05:00
DOGE-USD,0.4029635,1,ask,0.403007,0.00010795,2024-12-11T07:52:40.007511192-05:00
DOGE-USD,0.401644325,1,ask,0.403224,0.00393302,2024-12-11T07:53:40.79417878-05:00
DOGE-USD,0.403456,1,ask,0.403494,0.00009419,2024-12-11T07:54:41.577460178-05:00
DOGE-USD,0.4035225,1,ask,0.403578,0.00013754,2024-12-11T07:55:42.386197966-05:00
DOGE-USD,0.404037765,1,ask,0.40575153,0.0042416,2024-12-11T07:56:43.172988795-05:00
DOGE-USD,0.403913,1,ask,0.404052,0.00034413,2024-12-11T07:57:43.995389928-05:00
DOGE-USD,0.4037125,1,ask,0.403794,0.00020188,2024-12-11T07:58:44.844934015-05:00
DOGE-USD,0.4038705,1,ask,0.403979,0.00026865,2024-12-11T07:59:45.694682876-05:00
DOGE-USD,0.4036885,1,ask,0.403795,0.00026382,2024-12-11T08:00:46.573505009-05:00
DOGE-USD,0.4042435,1,ask,0.404324,0.00019914,2024-12-11T08:01:47.470557632-05:00
DOGE-USD,0.40428636,1,ask,0.40599272,0.00422067,2024-12-11T08:02:48.321449148-05:00
DOGE-USD,0.403574,1,ask,0.403576,0.00000496,2024-12-11T08:03:49.19817884-05:00
DOGE-USD,0.4033715,1,ask,0.403388,0.00004091,2024-12-11T08:04:50.064195844-05:00
DOGE-USD,0.404778,1,ask,0.404862,0.00020752,2024-12-11T08:05:50.947679966-05:00
DOGE-USD,0.4042815,1,ask,0.40439,0.00026838,2024-12-11T08:06:51.748343013-05:00
DOGE-USD,0.40435514,1,ask,0.40659601,0.00554184,2024-12-11T08:07:52.607598187-05:00
DOGE-USD,0.404908,1,ask,0.405022,0.00028155,2024-12-11T08:08:53.429173085-05:00
DOGE-USD,0.403951,1,ask,0.40396,0.00002228,2024-12-11T08:09:54.300634604-05:00
DOGE-USD,0.404566,1,ask,0.404592,0.00006427,2024-12-11T08:10:55.175613391-05:00
DOGE-USD,0.404357,1,ask,0.40437,0.00003215,2024-12-11T08:11:55.979339123-05:00
DOGE-USD,0.4043,1,ask,0.40439,0.00022261,2024-12-11T08:12:56.799828154-05:00
DOGE-USD,0.40437828,1,ask,0.40585756,0.00365816,2024-12-11T08:13:57.592602311-05:00
DOGE-USD,0.403600775,1,ask,0.40522855,0.00403313,2024-12-11T08:14:58.43591902-05:00
DOGE-USD,0.401993295,1,ask,0.40369859,0.0042421,2024-12-11T08:15:59.303517863-05:00
DOGE-USD,0.4019875,1,ask,0.401988,0.00000124,2024-12-11T08:17:00.204381635-05:00
DOGE-USD,0.4015885,1,ask,0.402703,0.00277523,2024-12-11T08:18:01.075124544-05:00
DOGE-USD,0.402117,1,ask,0.402225,0.00026858,2024-12-11T08:19:01.899063048-05:00
DOGE-USD,0.4021357,1,ask,0.4037434,0.0039979,2024-12-11T08:20:02.777459058-05:00
DOGE-USD,0.401862,1,ask,0.402069,0.0005151,2024-12-11T08:21:03.595728728-05:00
DOGE-USD,0.4026134,1,ask,0.4041658,0.00385581,2024-12-11T08:22:04.334435437-05:00
DOGE-USD,0.4026857,1,ask,0.4042364,0.00385089,2024-12-11T08:23:05.231712923-05:00
DOGE-USD,0.4027185,1,ask,0.402827,0.00026942,2024-12-11T08:24:06.093667136-05:00
DOGE-USD,0.40304958,1,ask,0.40460516,0.00385953,2024-12-11T08:25:06.947293472-05:00
DOGE-USD,0.4024522,1,ask,0.4039664,0.00376243,2024-12-11T08:26:07.821748685-05:00
DOGE-USD,0.4022775,1,ask,0.403787,0.00375238,2024-12-11T08:27:08.633234887-05:00
DOGE-USD,0.40178,1,ask,0.401849,0.00017174,2024-12-11T08:28:09.446764627-05:00
DOGE-USD,0.402156,1,ask,0.402231,0.00018649,2024-12-11T08:29:10.261786489-05:00
DOGE-USD,0.4052655,1,ask,0.405384,0.0002924,2024-12-11T08:30:11.079662504-05:00
DOGE-USD,0.407752525,1,ask,0.40950405,0.00429556,2024-12-11T08:31:11.946291894-05:00
DOGE-USD,0.40829715,1,ask,0.4099763,0.00411257,2024-12-11T08:32:12.834049095-05:00
DOGE-USD,0.4083005,1,ask,0.408306,0.00001347,2024-12-11T08:33:13.702680671-05:00
DOGE-USD,0.407567,1,ask,0.408712,0.00280935,2024-12-11T08:34:14.545862772-05:00
DOGE-USD,0.4083575,1,ask,0.408467,0.00026815,2024-12-11T08:35:15.415336554-05:00
DOGE-USD,0.4084495,1,ask,0.408561,0.00027298,2024-12-11T08:36:16.284614566-05:00
DOGE-USD,0.408905,1,ask,0.408918,0.00003179,2024-12-11T08:37:17.129916077-05:00
DOGE-USD,0.409042,1,ask,0.409194,0.0003716,2024-12-11T08:38:17.96942557-05:00
DOGE-USD,0.409123,1,ask,0.409179,0.00013688,2024-12-11T08:39:18.857334942-05:00
DOGE-USD,0.406409295,1,ask,0.40792359,0.00372603,2024-12-11T08:40:19.716650621-05:00
DOGE-USD,0.40512808,1,ask,0.40680716,0.00414457,2024-12-11T08:41:20.567263767-05:00
DOGE-USD,0.406198,1,ask,0.406397,0.00048991,2024-12-11T08:42:21.406990369-05:00
DOGE-USD,0.4082265,1,ask,0.408271,0.00010901,2024-12-11T08:43:22.214274163-05:00
DOGE-USD,0.40801625,1,ask,0.4096515,0.00400781,2024-12-11T08:44:23.036312896-05:00
DOGE-USD,0.406676955,1,ask,0.40827591,0.00393176,2024-12-11T08:45:23.852503951-05:00
DOGE-USD,0.40677827,1,ask,0.40838654,0.00395368,2024-12-11T08:46:24.672145201-05:00
DOGE-USD,0.4066465,1,ask,0.406732,0.00021026,2024-12-11T08:47:25.497901387-05:00
DOGE-USD,0.406081,1,ask,0.407182,0.00271128,2024-12-11T08:48:26.294518316-05:00
DOGE-USD,0.40504543,1,ask,0.40692,0.00462805,2024-12-11T08:49:27.068990817-05:00
DOGE-USD,0.404397625,1,ask,0.406282,0.00465971,2024-12-11T08:50:27.926518701-05:00
DOGE-USD,0.4050405,1,ask,0.40516,0.00029503,2024-12-11T08:51:28.699468955-05:00
DOGE-USD,0.404805145,1,ask,0.40703854,0.00551721,2024-12-11T08:52:29.487865772-05:00
DOGE-USD,0.405027,1,ask,0.40504,0.0000321,2024-12-11T08:53:30.347533527-05:00
DOGE-USD,0.405525,1,ask,0.405541,0.00003946,2024-12-11T08:54:31.138976106-05:00
DOGE-USD,0.4047975,1,ask,0.404831,0.00008276,2024-12-11T08:55:31.880022901-05:00
DOGE-USD,0.4059255,1,ask,0.406065,0.00034366,2024-12-11T08:56:32.644459195-05:00
DOGE-USD,0.4063315,1,ask,0.406471,0.00034332,2024-12-11T08:57:33.492766805-05:00
DOGE-USD,0.4064535,1,ask,0.406454,0.00000123,2024-12-11T08:58:34.277628666-05:00
DOGE-USD,0.4064745,1,ask,0.406614,0.00034319,2024-12-11T08:59:35.589038825-05:00
DOGE-USD,0.4067905,1,ask,0.406908,0.00028885,2024-12-11T09:00:43.68173243-05:00
DOGE-USD,0.406834095,1,ask,0.40837419,0.00378556,2024-12-11T09:01:44.50141947-05:00
DOGE-USD,0.4065285,1,ask,0.40765,0.00275872,2024-12-11T09:02:45.303909155-05:00
DOGE-USD,0.40648882,1,ask,0.40807964,0.00391356,2024-12-11T09:03:46.129073242-05:00
DOGE-USD,0.404373965,1,ask,0.406157,0.00440937,2024-12-11T09:04:46.968141948-05:00
DOGE-USD,0.40587,1,ask,0.405919,0.00012073,2024-12-11T09:05:47.766800282-05:00
DOGE-USD,0.4057805,1,ask,0.405899,0.00029203,2024-12-11T09:06:48.5945233-05:00
DOGE-USD,0.405323155,1,ask,0.40680231,0.00364932,2024-12-11T09:07:49.42297984-05:00
DOGE-USD,0.40449528,1,ask,0.40589156,0.00345191,2024-12-11T09:08:50.233596354-05:00
DOGE-USD,0.404066,1,ask,0.405063,0.00246742,2024-12-11T09:09:51.064817085-05:00
DOGE-USD,0.4024291,1,ask,0.404276,0.00458938,2024-12-11T09:10:51.950962124-05:00
DOGE-USD,0.402433995,1,ask,0.404156,0.00427897,2024-12-11T09:11:52.777605695-05:00
DOGE-USD,0.402961,1,ask,0.402975,0.00003474,2024-12-11T09:12:53.562805968-05:00
DOGE-USD,0.402265,1,ask,0.402331,0.00016407,2024-12-11T09:13:54.404243732-05:00
DOGE-USD,0.4037325,1,ask,0.403841,0.00026874,2024-12-11T09:14:55.25763532-05:00
DOGE-USD,0.403307645,1,ask,0.40480629,0.00371589,2024-12-11T09:15:56.04768726-05:00
DOGE-USD,0.4030385,1,ask,0.403064,0.00006327,2024-12-11T09:16:56.945964789-05:00
DOGE-USD,0.402329,1,ask,0.402426,0.0002411,2024-12-11T09:17:57.810118977-05:00
DOGE-USD,0.403361,1,ask,0.404426,0.00264031,2024-12-11T09:18:58.6341143-05:00
DOGE-USD,0.403997045,1,ask,0.40551009,0.00374519,2024-12-11T09:19:59.443503452-05:00
DOGE-USD,0.4035755,1,ask,0.403689,0.00028124,2024-12-11T09:21:00.272224844-05:00
DOGE-USD,0.4048668,1,ask,0.4064486,0.00390696,2024-12-11T09:22:01.060357204-05:00
DOGE-USD,0.4052915,1,ask,0.40531,0.00004565,2024-12-11T09:23:01.905124823-05:00
DOGE-USD,0.405226,1,ask,0.405317,0.00022457,2024-12-11T09:24:02.640455965-05:00
DOGE-USD,0.4056855,1,ask,0.40578,0.00023294,2024-12-11T09:25:03.48355412-05:00
DOGE-USD,0.405891,1,ask,0.40603,0.00034246,2024-12-11T09:26:04.302193713-05:00
DOGE-USD,0.4050625,1,ask,0.406111,0.00258849,2024-12-11T09:27:05.198200973-05:00
DOGE-USD,0.403315215,1,ask,0.405272,0.00485175,2024-12-11T09:28:06.040768073-05:00
DOGE-USD,0.404555,1,ask,0.404669,0.00028179,2024-12-11T09:29:06.873642161-05:00
DOGE-USD,0.4045375,1,ask,0.40462,0.00020394,2024-12-11T09:30:07.702639346-05:00
DOGE-USD,0.403742,1,ask,0.403825,0.00020558,2024-12-11T09:31:08.549983572-05:00
DOGE-USD,0.4043462,1,ask,0.4058334,0.00367804,2024-12-11T09:32:09.442334667-05:00
DOGE-USD,0.403888115,1,ask,0.40539623,0.00373399,2024-12-11T09:33:10.253380182-05:00
DOGE-USD,0.4051515,1,ask,0.405276,0.00030729,2024-12-11T09:34:11.116684873-05:00
DOGE-USD,0.405432,1,ask,0.405541,0.00026885,2024-12-11T09:35:11.951737433-05:00
DOGE-USD,0.4059195,1,ask,0.405983,0.00015643,2024-12-11T09:36:12.770829468-05:00
DOGE-USD,0.405432,1,ask,0.405536,0.00025652,2024-12-11T09:37:13.66629506-05:00
DOGE-USD,0.40591943,1,ask,0.40746686,0.00381216,2024-12-11T09:38:14.492859242-05:00
DOGE-USD,0.405356405,1,ask,0.40681581,0.0036003,2024-12-11T09:39:15.343983632-05:00
DOGE-USD,0.404465,1,ask,0.404572,0.00026455,2024-12-11T09:40:16.200018267-05:00
DOGE-USD,0.4053835,1,ask,0.405432,0.00011964,2024-12-11T09:41:17.05186813-05:00
DOGE-USD,0.40422777,1,ask,0.40573154,0.00372011,2024-12-11T09:42:17.930608331-05:00
DOGE-USD,0.404264,1,ask,0.404361,0.00023994,2024-12-11T09:43:18.77657757-05:00
DOGE-USD,0.404616,1,ask,0.404785,0.00041768,2024-12-11T09:44:19.668936985-05:00
DOGE-USD,0.405485,1,ask,0.405541,0.00013811,2024-12-11T09:45:20.501868403-05:00
DOGE-USD,0.406381475,1,ask,0.40782095,0.00354218,2024-12-11T09:46:21.351764016-05:00
DOGE-USD,0.40740915,1,ask,0.4089483,0.0037779,2024-12-11T09:47:22.203900497-05:00
DOGE-USD,0.407939315,1,ask,0.40946163,0.00373172,2024-12-11T09:48:23.056675479-05:00
DOGE-USD,0.4072075,1,ask,0.407387,0.00044081,2024-12-11T09:49:23.874879563-05:00
DOGE-USD,0.408192,1,ask,0.408307,0.00028173,2024-12-11T09:50:24.763342564-05:00
DOGE-USD,0.4083965,1,ask,0.408506,0.00026812,2024-12-11T09:51:25.607230034-05:00
DOGE-USD,0.4086325,1,ask,0.408657,0.00005996,2024-12-11T09:52:26.459027733-05:00
DOGE-USD,0.408966,1,ask,0.409076,0.00026897,2024-12-11T09:53:27.294694501-05:00
DOGE-USD,0.408651,1,ask,0.409747,0.002682,2024-12-11T09:54:28.131086497-05:00
DOGE-USD,0.409381095,1,ask,0.41084919,0.00358613,2024-12-11T09:55:28.955372046-05:00
DOGE-USD,0.4078025,1,ask,0.407867,0.00015816,2024-12-11T09:56:29.783637513-05:00
DOGE-USD,0.4084445,1,ask,0.408554,0.00026809,2024-12-11T09:57:30.686838909-05:00
DOGE-USD,0.40797154,1,ask,0.41007608,0.00515855,2024-12-11T09:58:31.525870914-05:00
DOGE-USD,0.4087125,1,ask,0.408727,0.00003548,2024-12-11T09:59:32.328173747-05:00
DOGE-USD,0.4089895,1,ask,0.409004,0.00003545,2024-12-11T10:00:33.204938723-05:00
DOGE-USD,0.4089045,1,ask,0.409014,0.00026779,2024-12-11T10:01:34.040356552-05:00
DOGE-USD,0.409641,1,ask,0.409739,0.00023923,2024-12-11T10:02:34.902519029-05:00
DOGE-USD,0.410354,1,ask,0.410495,0.00034361,2024-12-11T10:03:35.759961771-05:00
DOGE-USD,0.41109241,1,ask,0.41266082,0.00381522,2024-12-11T10:04:36.597887537-05:00
DOGE-USD,0.41317899,1,ask,0.41477298,0.00385787,2024-12-11T10:05:37.451511785-05:00
DOGE-USD,0.4129125,1,ask,0.413023,0.00026761,2024-12-11T10:06:38.379153715-05:00
DOGE-USD,0.414956,1,ask,0.414977,0.00005061,2024-12-11T10:07:39.227785939-05:00
DOGE-USD,0.415702715,1,ask,0.41738743,0.00405269,2024-12-11T10:08:40.122060268-05:00
DOGE-USD,0.4162055,1,ask,0.416312,0.00025588,2024-12-11T10:09:40.957412719-05:00
DOGE-USD,0.41567734,1,ask,0.41732168,0.00395581,2024-12-11T10:10:41.770218662-05:00
DOGE-USD,0.41551476,1,ask,0.41714052,0.00391264,2024-12-11T10:11:42.668837584-05:00
DOGE-USD,0.4157015,1,ask,0.415808,0.00025619,2024-12-11T10:12:43.53382929-05:00
DOGE-USD,0.415807295,1,ask,0.41743759,0.00392079,2024-12-11T10:13:44.28021019-05:00
DOGE-USD,0.414846,1,ask,0.415969,0.00270703,2024-12-11T10:14:45.146089648-05:00
DOGE-USD,0.415689,1,ask,0.415705,0.00003849,2024-12-11T10:15:45.998444718-05:00
DOGE-USD,0.4139879,1,ask,0.4155048,0.00366412,2024-12-11T10:16:46.806084514-05:00
DOGE-USD,0.41284315,1,ask,0.4142763,0.00347142,2024-12-11T10:17:47.620388778-05:00
DOGE-USD,0.414795,1,ask,0.414906,0.0002676,2024-12-11T10:18:48.484770937-05:00
DOGE-USD,0.4146089,1,ask,0.4161778,0.00378405,2024-12-11T10:19:49.314752886-05:00
DOGE-USD,0.41584915,1,ask,0.4173093,0.00351125,2024-12-11T10:20:50.151318752-05:00
DOGE-USD,0.41728665,1,ask,0.4189333,0.00394609,2024-12-11T10:21:50.978847071-05:00
DOGE-USD,0.4158045,1,ask,0.416921,0.00268516,2024-12-11T10:22:51.870495669-05:00
DOGE-USD,0.4173776,1,ask,0.4189682,0.00381094,2024-12-11T10:23:52.730167292-05:00
DOGE-USD,0.41803585,1,ask,0.4197297,0.00405193,2024-12-11T10:24:53.527465623-05:00
DOGE-USD,0.417445,1,ask,0.417508,0.00015092,2024-12-11T10:25:54.326760609-05:00
DOGE-USD,0.418388505,1,ask,0.42005701,0.00398793,2024-12-11T10:26:55.171695491-05:00
DOGE-USD,0.419487,1,ask,0.419561,0.00017641,2024-12-11T10:27:56.047764605-05:00
DOGE-USD,0.419064575,1,ask,0.42063515,0.00374781,2024-12-11T10:28:56.890782055-05:00
DOGE-USD,0.4183403,1,ask,0.4199396,0.00382296,2024-12-11T10:29:57.695076592-05:00
DOGE-USD,0.4166895,1,ask,0.417886,0.00287144,2024-12-11T10:30:58.542814578-05:00
DOGE-USD,0.4162725,1,ask,0.416349,0.00018377,2024-12-11T10:32:02.443097903-05:00
DOGE-USD,0.4146535,1,ask,0.415748,0.00263955,2024-12-11T10:33:03.260122414-05:00
DOGE-USD,0.4165775,1,ask,0.416675,0.00023405,2024-12-11T10:34:04.111105541-05:00
DOGE-USD,0.417108,1,ask,0.417402,0.00070485,2024-12-11T10:35:04.972368216-05:00
DOGE-USD,0.416901,1,ask,0.417023,0.00029264,2024-12-11T10:36:05.766841889-05:00
DOGE-USD,0.415585,1,ask,0.416628,0.00250972,2024-12-11T10:37:06.613697391-05:00
DOGE-USD,0.4150185,1,ask,0.415101,0.00019879,2024-12-11T10:38:07.453508683-05:00
DOGE-USD,0.415194,1,ask,0.415249,0.00013247,2024-12-11T10:39:08.316487683-05:00
DOGE-USD,0.4153665,1,ask,0.415545,0.00042974,2024-12-11T10:40:09.146142267-05:00
DOGE-USD,0.4161915,1,ask,0.416411,0.0005274,2024-12-11T10:41:09.979858365-05:00
DOGE-USD,0.414186,1,ask,0.41424,0.00013038,2024-12-11T10:42:10.809599018-05:00
DOGE-USD,0.4144335,1,ask,0.414477,0.00010496,2024-12-11T10:43:11.661489472-05:00
DOGE-USD,0.4142525,1,ask,0.414412,0.00038503,2024-12-11T10:44:12.474736394-05:00
DOGE-USD,0.4152765,1,ask,0.415425,0.00035759,2024-12-11T10:45:13.271952885-05:00
DOGE-USD,0.416127865,1,ask,0.41774773,0.00389271,2024-12-11T10:46:14.130951238-05:00
DOGE-USD,0.4142385,1,ask,0.415347,0.00267599,2024-12-11T10:47:15.007799973-05:00
DOGE-USD,0.414395,1,ask,0.414506,0.00026786,2024-12-11T10:48:15.824300534-05:00
DOGE-USD,0.41441425,1,ask,0.4159895,0.00380115,2024-12-11T10:49:16.617801853-05:00
DOGE-USD,0.414703445,1,ask,0.41629889,0.00384719,2024-12-11T10:50:17.412782198-05:00
DOGE-USD,0.415467015,1,ask,0.41708803,0.00390167,2024-12-11T10:51:18.21026981-05:00
DOGE-USD,0.415385,1,ask,0.415481,0.00023111,2024-12-11T10:52:19.013280851-05:00
DOGE-USD,0.41494,1,ask,0.415074,0.00032294,2024-12-11T10:53:19.808748831-05:00
DOGE-USD,0.4138835,1,ask,0.413894,0.00002537,2024-12-11T10:54:20.59911026-05:00
DOGE-USD,0.4139545,1,ask,0.414117,0.00039256,2024-12-11T10:55:21.391445607-05:00
DOGE-USD,0.413335,1,ask,0.413387,0.00012581,2024-12-11T10:56:22.258350962-05:00
DOGE-USD,0.413029,1,ask,0.413157,0.00030991,2024-12-11T10:57:23.123790601-05:00
DOGE-USD,0.413093,1,ask,0.413193,0.00024208,2024-12-11T10:58:24.000816869-05:00
DOGE-USD,0.4137795,1,ask,0.4139,0.00029122,2024-12-11T10:59:24.812013454-05:00
DOGE-USD,0.4146545,1,ask,0.414762,0.00025925,2024-12-11T11:00:25.623598919-05:00
DOGE-USD,0.41621085,1,ask,0.4178407,0.00391592,2024-12-11T11:01:26.484693793-05:00
DOGE-USD,0.41623,1,ask,0.416329,0.00023785,2024-12-11T11:02:27.333426214-05:00
DOGE-USD,0.41647,1,ask,0.416577,0.00025692,2024-12-11T11:03:28.199509299-05:00
DOGE-USD,0.415958,1,ask,0.416054,0.00023079,2024-12-11T11:04:29.057155057-05:00
DOGE-USD,0.4171835,1,ask,0.417226,0.00010187,2024-12-11T11:05:29.901274518-05:00
DOGE-USD,0.4174685,1,ask,0.417608,0.00033416,2024-12-11T11:06:30.766029422-05:00
DOGE-USD,0.4164105,1,ask,0.41653,0.00028698,2024-12-11T11:07:31.582205787-05:00
DOGE-USD,0.4162885,1,ask,0.416387,0.00023661,2024-12-11T11:08:32.422278364-05:00
DOGE-USD,0.415813,1,ask,0.415956,0.0003439,2024-12-11T11:09:33.3569891-05:00
DOGE-USD,0.4167045,1,ask,0.416925,0.00052915,2024-12-11T11:10:34.23143126-05:00
DOGE-USD,0.4160655,1,ask,0.416177,0.00026799,2024-12-11T11:11:35.054786928-05:00
DOGE-USD,0.415286,1,ask,0.415574,0.0006935,2024-12-11T11:12:35.874865862-05:00
DOGE-USD,0.4150855,1,ask,0.415188,0.00024694,2024-12-11T11:13:36.695606269-05:00
DOGE-USD,0.414694,1,ask,0.415762,0.00257539,2024-12-11T11:14:37.576727913-05:00
DOGE-USD,0.416226,1,ask,0.41643,0.00049012,2024-12-11T11:15:38.366364007-05:00
DOGE-USD,0.4166535,1,ask,0.416797,0.00034441,2024-12-11T11:16:39.174497959-05:00
DOGE-USD,0.417616,1,ask,0.417727,0.00026579,2024-12-11T11:17:39.989104801-05:00
DOGE-USD,0.416733,1,ask,0.41785,0.00268037,2024-12-11T11:18:40.889382903-05:00
DOGE-USD,0.41837723,1,ask,0.42002446,0.00393719,2024-12-11T11:19:41.77982555-05:00
DOGE-USD,0.418757875,1,ask,0.42034875,0.00379903,2024-12-11T11:20:42.622823704-05:00
DOGE-USD,0.418463,1,ask,0.418566,0.00024614,2024-12-11T11:21:43.487661517-05:00
DOGE-USD,0.417748,1,ask,0.417854,0.00025374,2024-12-11T11:22:44.276455629-05:00
DOGE-USD,0.418605,1,ask,0.418676,0.00016961,2024-12-11T11:23:45.092956539-05:00
DOGE-USD,0.41902974,1,ask,0.42071248,0.0040158,2024-12-11T11:24:45.979498314-05:00
DOGE-USD,0.418568,1,ask,0.41866,0.0002198,2024-12-11T11:25:46.810503167-05:00
DOGE-USD,0.418964,1,ask,0.419097,0.00031745,2024-12-11T11:26:47.639828549-05:00
DOGE-USD,0.418666,1,ask,0.418751,0.00020303,2024-12-11T11:27:48.481812851-05:00
DOGE-USD,0.418654,1,ask,0.418698,0.0001051,2024-12-11T11:28:49.350270488-05:00
DOGE-USD,0.418723,1,ask,0.418852,0.00030808,2024-12-11T11:29:50.184466465-05:00
DOGE-USD,0.419014,1,ask,0.4201,0.0025918,2024-12-11T11:30:50.969019541-05:00
DOGE-USD,0.417259275,1,ask,0.41886855,0.00385677,2024-12-11T11:31:51.771467771-05:00
DOGE-USD,0.416666915,1,ask,0.41832283,0.00397419,2024-12-11T11:32:52.582677394-05:00
DOGE-USD,0.4136705,1,ask,0.414801,0.00273285,2024-12-11T11:33:53.374558689-05:00
DOGE-USD,0.414735,1,ask,0.415002,0.00064378,2024-12-11T11:34:54.192363501-05:00
DOGE-USD,0.4134915,1,ask,0.413494,0.00000605,2024-12-11T11:35:55.028519714-05:00
DOGE-USD,0.4140155,1,ask,0.414387,0.00089731,2024-12-11T11:36:55.86382462-05:00
DOGE-USD,0.4125095,1,ask,0.413581,0.00259752,2024-12-11T11:37:56.655167626-05:00
DOGE-USD,0.4133615,1,ask,0.413467,0.00025522,2024-12-11T11:38:57.508867432-05:00
DOGE-USD,0.4133705,1,ask,0.414413,0.00252195,2024-12-11T11:39:58.322578489-05:00
DOGE-USD,0.4123705,1,ask,0.412516,0.00035284,2024-12-11T11:40:59.170192063-05:00
DOGE-USD,0.4121955,1,ask,0.412287,0.00022198,2024-12-11T11:42:00.02405038-05:00
DOGE-USD,0.4123345,1,ask,0.412438,0.00025101,2024-12-11T11:43:00.881304385-05:00
DOGE-USD,0.4124905,1,ask,0.412531,0.00009818,2024-12-11T11:44:01.680519861-05:00
DOGE-USD,0.4129185,1,ask,0.413015,0.0002337,2024-12-11T11:45:02.521196676-05:00
DOGE-USD,0.4119335,1,ask,0.411997,0.00015415,2024-12-11T11:46:03.346907692-05:00
DOGE-USD,0.41205,1,ask,0.412128,0.0001893,2024-12-11T11:47:04.126346974-05:00
DOGE-USD,0.412511,1,ask,0.412559,0.00011636,2024-12-11T11:48:04.953950047-05:00
DOGE-USD,0.4118875,1,ask,0.411969,0.00019787,2024-12-11T11:49:05.788508761-05:00
DOGE-USD,0.4115645,1,ask,0.411701,0.00033166,2024-12-11T11:50:06.515126992-05:00
DOGE-USD,0.4113875,1,ask,0.411461,0.00017866,2024-12-11T11:51:07.301126159-05:00
DOGE-USD,0.41084912,1,ask,0.41236624,0.00369265,2024-12-11T11:52:08.110013299-05:00
DOGE-USD,0.4108705,1,ask,0.411012,0.00034439,2024-12-11T11:53:08.935782191-05:00
DOGE-USD,0.412642245,1,ask,0.41413949,0.00362843,2024-12-11T11:54:09.764184795-05:00
DOGE-USD,0.413305625,1,ask,0.41478625,0.0035824,2024-12-11T11:55:10.610008303-05:00
DOGE-USD,0.413020455,1,ask,0.41452791,0.00364983,2024-12-11T11:56:11.448050559-05:00
DOGE-USD,0.41212096,1,ask,0.41362792,0.0036566,2024-12-11T11:57:12.279594161-05:00
DOGE-USD,0.4115745,1,ask,0.411692,0.00028549,2024-12-11T11:58:13.123863905-05:00
DOGE-USD,0.4121245,1,ask,0.412139,0.00003518,2024-12-11T11:59:13.99447676-05:00
DOGE-USD,0.4119845,1,ask,0.412037,0.00012743,2024-12-11T12:00:14.805708636-05:00
DOGE-USD,0.412869415,1,ask,0.41446183,0.00385695,2024-12-11T12:01:15.678024856-05:00
DOGE-USD,0.412955165,1,ask,0.41449833,0.00373688,2024-12-11T12:02:16.518486103-05:00
DOGE-USD,0.4125795,1,ask,0.41366,0.00261889,2024-12-11T12:03:17.299363759-05:00
DOGE-USD,0.412703,1,ask,0.413816,0.00269685,2024-12-11T12:04:18.153708581-05:00
DOGE-USD,0.413875755,1,ask,0.41547751,0.00387013,2024-12-11T12:05:19.047201059-05:00
DOGE-USD,0.413927985,1,ask,0.41551897,0.00384363,2024-12-11T12:06:19.900857826-05:00
DOGE-USD,0.414698445,1,ask,0.41633489,0.00394611,2024-12-11T12:07:20.717764487-05:00
DOGE-USD,0.414445695,1,ask,0.41606439,0.00390569,2024-12-11T12:08:21.541854648-05:00
DOGE-USD,0.413718,1,ask,0.413854,0.00032873,2024-12-11T12:09:22.368871134-05:00
DOGE-USD,0.413853,1,ask,0.413936,0.00020055,2024-12-11T12:10:23.231682434-05:00
DOGE-USD,0.414721,1,ask,0.414778,0.00013744,2024-12-11T12:11:24.025989072-05:00
DOGE-USD,0.41532315,1,ask,0.4169083,0.00381667,2024-12-11T12:12:24.866249598-05:00
DOGE-USD,0.415455795,1,ask,0.41709059,0.00393494,2024-12-11T12:13:25.689054248-05:00
DOGE-USD,0.4145045,1,ask,0.414522,0.00004222,2024-12-11T12:14:26.527617044-05:00
DOGE-USD,0.414579555,1,ask,0.41620411,0.00391856,2024-12-11T12:15:27.360419063-05:00
DOGE-USD,0.414281,1,ask,0.414301,0.00004828,2024-12-11T12:16:28.181753392-05:00
DOGE-USD,0.414866995,1,ask,0.41666199,0.00432668,2024-12-11T12:17:28.977964901-05:00
DOGE-USD,0.4148385,1,ask,0.414843,0.00001085,2024-12-11T12:18:29.759344217-05:00
DOGE-USD,0.415233155,1,ask,0.41683131,0.00384881,2024-12-11T12:19:30.562310962-05:00
DOGE-USD,0.4144435,1,ask,0.414465,0.00005188,2024-12-11T12:20:31.363462105-05:00
DOGE-USD,0.4140275,1,ask,0.414068,0.00009782,2024-12-11T12:21:32.167180423-05:00
DOGE-USD,0.41483582,1,ask,0.41637164,0.00370224,2024-12-11T12:22:33.014589158-05:00
DOGE-USD,0.4142125,1,ask,0.414355,0.00034403,2024-12-11T12:23:33.845515473-05:00
DOGE-USD,0.41369,1,ask,0.413695,0.00001209,2024-12-11T12:24:34.683769213-05:00
DOGE-USD,0.41335308,1,ask,0.41486616,0.0036605,2024-12-11T12:25:35.491374036-05:00
DOGE-USD,0.412607,1,ask,0.412702,0.00023024,2024-12-11T12:26:36.265984643-05:00
DOGE-USD,0.413223,1,ask,0.413361,0.00033396,2024-12-11T12:27:37.054490673-05:00
DOGE-USD,0.413250445,1,ask,0.41482289,0.00380507,2024-12-11T12:28:37.929397879-05:00
DOGE-USD,0.413242835,1,ask,0.41479067,0.00374558,2024-12-11T12:29:38.772148598-05:00
DOGE-USD,0.41330923,1,ask,0.41492346,0.00390562,2024-12-11T12:30:39.591037749-05:00
DOGE-USD,0.411761,1,ask,0.411827,0.00016029,2024-12-11T12:31:40.370673653-05:00
DOGE-USD,0.41248464,1,ask,0.41402228,0.00372775,2024-12-11T12:32:41.228351493-05:00
DOGE-USD,0.412378,1,ask,0.412475,0.00023522,2024-12-11T12:33:41.99126384-05:00
DOGE-USD,0.4117545,1,ask,0.411843,0.00021493,2024-12-11T12:34:42.822255541-05:00
DOGE-USD,0.4116315,1,ask,0.411773,0.00034375,2024-12-11T12:35:43.692337174-05:00
DOGE-USD,0.4106725,1,ask,0.410723,0.00012297,2024-12-11T12:36:44.548205327-05:00
DOGE-USD,0.4104085,1,ask,0.410465,0.00013767,2024-12-11T12:37:45.3433671-05:00
DOGE-USD,0.4110948,1,ask,0.4126456,0.00377237,2024-12-11T12:38:46.186824212-05:00
DOGE-USD,0.40906155,1,ask,0.4105501,0.00363894,2024-12-11T12:39:47.005686866-05:00
DOGE-USD,0.4098165,1,ask,0.409902,0.00020863,2024-12-11T12:40:47.868235112-05:00
DOGE-USD,0.410686045,1,ask,0.41223309,0.00376698,2024-12-11T12:41:48.687382047-05:00
DOGE-USD,0.410409425,1,ask,0.41201985,0.00392395,2024-12-11T12:42:49.471787738-05:00
DOGE-USD,0.4094465,1,ask,0.409557,0.00026988,2024-12-11T12:43:50.321864853-05:00
DOGE-USD,0.409268145,1,ask,0.41076329,0.00365322,2024-12-11T12:44:51.145597213-05:00
DOGE-USD,0.41023323,1,ask,0.41172546,0.00363752,2024-12-11T12:45:51.948980425-05:00
DOGE-USD,0.410567335,1,ask,0.41212767,0.00380044,2024-12-11T12:46:52.781906228-05:00
DOGE-USD,0.408806,1,ask,0.409224,0.00102249,2024-12-11T12:47:53.606579533-05:00
DOGE-USD,0.409768,1,ask,0.409907,0.00033922,2024-12-11T12:48:54.418599821-05:00
DOGE-USD,0.410420205,1,ask,0.41207541,0.00403295,2024-12-11T12:49:55.43187855-05:00
DOGE-USD,0.410885745,1,ask,0.41244949,0.00380579,2024-12-11T12:50:56.235788736-05:00
DOGE-USD,0.409496,1,ask,0.410537,0.00254215,2024-12-11T12:51:57.27613098-05:00
DOGE-USD,0.4083585,1,ask,0.408378,0.00004775,2024-12-11T12:52:58.089046639-05:00
DOGE-USD,0.40884173,1,ask,0.41039846,0.00380766,2024-12-11T12:53:58.850891105-05:00
DOGE-USD,0.408378025,1,ask,0.40997605,0.0039131,2024-12-11T12:54:59.708692298-05:00
DOGE-USD,0.408395725,1,ask,0.41003745,0.00401994,2024-12-11T12:56:00.483408427-05:00
DOGE-USD,0.407806555,1,ask,0.40937211,0.00383896,2024-12-11T12:57:01.340469643-05:00
DOGE-USD,0.406497,1,ask,0.406561,0.00015744,2024-12-11T12:58:02.209586189-05:00
DOGE-USD,0.407178,1,ask,0.407178,0,2024-12-11T12:59:03.081407792-05:00
DOGE-USD,0.4069945,1,ask,0.407011,0.00004054,2024-12-11T13:00:03.9499618-05:00
DOGE-USD,0.4073425,1,ask,0.407352,0.00002332,2024-12-11T13:01:04.7797015-05:00
DOGE-USD,0.407018485,1,ask,0.40860697,0.00390273,2024-12-11T13:02:05.587096278-05:00
DOGE-USD,0.406151,1,ask,0.406549,0.00097993,2024-12-11T13:03:06.372888878-05:00
DOGE-USD,0.407338,1,ask,0.40743,0.00022586,2024-12-11T13:04:07.141685751-05:00
DOGE-USD,0.4085065,1,ask,0.408678,0.00041982,2024-12-11T13:05:07.975731672-05:00
DOGE-USD,0.409063175,1,ask,0.41068135,0.00395581,2024-12-11T13:06:08.793609159-05:00
DOGE-USD,0.40989512,1,ask,0.41157524,0.0040989,2024-12-11T13:07:09.612367199-05:00
DOGE-USD,0.40901094,1,ask,0.41067888,0.00407798,2024-12-11T13:08:10.402117342-05:00
DOGE-USD,0.40902033,1,ask,0.41070966,0.00413019,2024-12-11T13:09:11.198323185-05:00
DOGE-USD,0.4090762,1,ask,0.4108144,0.00424909,2024-12-11T13:10:12.061589124-05:00
DOGE-USD,0.408260505,1,ask,0.41056946,0.00565559,2024-12-11T13:11:12.871665911-05:00
DOGE-USD,0.4084395,1,ask,0.408607,0.0004101,2024-12-11T13:12:13.682328683-05:00
DOGE-USD,0.40793215,1,ask,0.4095833,0.00404761,2024-12-11T13:13:14.464735415-05:00
DOGE-USD,0.409103555,1,ask,0.41079011,0.00412256,2024-12-11T13:14:15.245182534-05:00
DOGE-USD,0.4079895,1,ask,0.408297,0.0007537,2024-12-11T13:15:16.056173424-05:00
DOGE-USD,0.40975218,1,ask,0.41145436,0.00415417,2024-12-11T13:16:16.841366939-05:00
DOGE-USD,0.410259205,1,ask,0.41204941,0.00436359,2024-12-11T13:17:17.603688084-05:00
DOGE-USD,0.40997057,1,ask,0.41174714,0.00433341,2024-12-11T13:18:18.414719801-05:00
DOGE-USD,0.410056035,1,ask,0.41180107,0.0042556,2024-12-11T13:19:19.221766401-05:00
DOGE-USD,0.410669255,1,ask,0.41236051,0.00411829,2024-12-11T13:20:20.042451555-05:00
DOGE-USD,0.41011805,1,ask,0.4118281,0.00416965,2024-12-11T13:21:20.831755561-05:00
DOGE-USD,0.4097805,1,ask,0.410921,0.0027832,2024-12-11T13:22:21.694018413-05:00
DOGE-USD,0.41036385,1,ask,0.4120777,0.00417642,2024-12-11T13:23:22.4920624-05:00
DOGE-USD,0.40970015,1,ask,0.4114553,0.00428399,2024-12-11T13:24:23.320381241-05:00
DOGE-USD,0.4100461,1,ask,0.4117672,0.00419733,2024-12-11T13:25:24.147403149-05:00
DOGE-USD,0.4096125,1,ask,0.409975,0.00088498,2024-12-11T13:26:24.967613689-05:00
DOGE-USD,0.409676,1,ask,0.410006,0.00080551,2024-12-11T13:27:25.735291082-05:00
DOGE-USD,0.41033321,1,ask,0.41204942,0.00418248,2024-12-11T13:28:26.563622931-05:00
DOGE-USD,0.410472,1,ask,0.410852,0.00092576,2024-12-11T13:29:27.393191599-05:00
DOGE-USD,0.410071,1,ask,0.410212,0.00034384,2024-12-11T13:30:28.257396914-05:00
DOGE-USD,0.410599615,1,ask,0.41226923,0.00406628,2024-12-11T13:31:29.065690455-05:00
DOGE-USD,0.411607625,1,ask,0.41336725,0.00427501,2024-12-11T13:32:29.839917051-05:00
DOGE-USD,0.410858395,1,ask,0.41254079,0.00409483,2024-12-11T13:33:30.666259442-05:00
DOGE-USD,0.409585,1,ask,0.409941,0.00086917,2024-12-11T13:34:31.533723692-05:00
DOGE-USD,0.410739285,1,ask,0.41241257,0.00407384,2024-12-11T13:35:32.333295616-05:00
DOGE-USD,0.409789,1,ask,0.409915,0.00030748,2024-12-11T13:36:33.21992515-05:00
DOGE-USD,0.410676,1,ask,0.410832,0.00037986,2024-12-11T13:37:34.056265606-05:00
DOGE-USD,0.411148,1,ask,0.411165,0.00004135,2024-12-11T13:38:34.821933333-05:00
DOGE-USD,0.41225975,1,ask,0.4139315,0.00405509,2024-12-11T13:39:35.637575654-05:00
DOGE-USD,0.411027,1,ask,0.411412,0.00093668,2024-12-11T13:40:36.452943212-05:00
DOGE-USD,0.411318135,1,ask,0.41300427,0.00409935,2024-12-11T13:41:37.321344858-05:00
DOGE-USD,0.410655,1,ask,0.410665,0.00002435,2024-12-11T13:42:38.129219059-05:00
DOGE-USD,0.411730215,1,ask,0.41339743,0.00404929,2024-12-11T13:43:38.988709238-05:00
DOGE-USD,0.41174272,1,ask,0.41330344,0.00379052,2024-12-11T13:44:39.827666496-05:00
DOGE-USD,0.411544675,1,ask,0.41321635,0.00406195,2024-12-11T13:45:40.664510176-05:00
DOGE-USD,0.4116375,1,ask,0.411773,0.00032917,2024-12-11T13:46:41.528213223-05:00
DOGE-USD,0.41211182,1,ask,0.41371664,0.00389414,2024-12-11T13:47:42.386811133-05:00
DOGE-USD,0.4116205,1,ask,0.411743,0.0002976,2024-12-11T13:48:43.178425059-05:00
DOGE-USD,0.41302899,1,ask,0.41466298,0.00395611,2024-12-11T13:49:44.053136344-05:00
DOGE-USD,0.413035525,1,ask,0.41467605,0.00397187,2024-12-11T13:50:44.814747147-05:00
DOGE-USD,0.412573,1,ask,0.412581,0.00001939,2024-12-11T13:51:45.61625262-05:00
DOGE-USD,0.4117635,1,ask,0.411824,0.00014693,2024-12-11T13:52:46.461520018-05:00
DOGE-USD,0.4128429,1,ask,0.4144628,0.00392377,2024-12-11T13:53:47.296622261-05:00
DOGE-USD,0.4113695,1,ask,0.411473,0.0002516,2024-12-11T13:54:48.115999117-05:00
DOGE-USD,0.4109995,1,ask,0.411,0.00000122,2024-12-11T13:55:48.989546043-05:00
DOGE-USD,0.4110955,1,ask,0.411222,0.00030771,2024-12-11T13:56:49.837619555-05:00
DOGE-USD,0.4111755,1,ask,0.41124,0.00015687,2024-12-11T13:57:50.673196-05:00
DOGE-USD,0.4109415,1,ask,0.410964,0.00005475,2024-12-11T13:58:51.544068565-05:00
DOGE-USD,0.4111815,1,ask,0.411218,0.00008877,2024-12-11T13:59:52.407770982-05:00
DOGE-USD,0.411763,1,ask,0.411818,0.00013357,2024-12-11T14:00:53.246940144-05:00
DOGE-USD,0.412082,1,ask,0.412146,0.00015531,2024-12-11T14:01:54.095396679-05:00
DOGE-USD,0.4119865,1,ask,0.412045,0.00014199,2024-12-11T14:02:54.845881182-05:00
DOGE-USD,0.412094,1,ask,0.412212,0.00028634,2024-12-11T14:03:55.685697826-05:00
DOGE-USD,0.412326,1,ask,0.412502,0.00042685,2024-12-11T14:04:57.532912826-05:00
DOGE-USD,0.4123025,1,ask,0.41236,0.00013946,2024-12-11T14:05:58.359445572-05:00
DOGE-USD,0.412502845,1,ask,0.41408969,0.00384687,2024-12-11T14:06:59.20398183-05:00
DOGE-USD,0.412445,1,ask,0.41255,0.00025458,2024-12-11T14:08:00.051081212-05:00
DOGE-USD,0.412549,1,ask,0.412618,0.00016725,2024-12-11T14:09:00.811747528-05:00
DOGE-USD,0.4122395,1,ask,0.412268,0.00006913,2024-12-11T14:10:01.676422585-05:00
DOGE-USD,0.412262,1,ask,0.412284,0.00005336,2024-12-11T14:11:02.523628967-05:00
DOGE-USD,0.4126345,1,ask,0.412667,0.00007876,2024-12-11T14:12:03.341763577-05:00
DOGE-USD,0.41362435,1,ask,0.4151627,0.0037192,2024-12-11T14:13:04.144551866-05:00
DOGE-USD,0.412307,1,ask,0.412316,0.00002183,2024-12-11T14:14:04.964738986-05:00
DOGE-USD,0.412039,1,ask,0.412068,0.00007038,2024-12-11T14:15:05.835236122-05:00
DOGE-USD,0.411776725,1,ask,0.41331645,0.00373922,2024-12-11T14:16:06.653540779-05:00
DOGE-USD,0.4125565,1,ask,0.412568,0.00002787,2024-12-11T14:17:07.551441895-05:00
DOGE-USD,0.41257701,1,ask,0.41412802,0.00375932,2024-12-11T14:18:08.393634207-05:00
DOGE-USD,0.412413,1,ask,0.412418,0.00001212,2024-12-11T14:19:09.26133702-05:00
DOGE-USD,0.413117565,1,ask,0.41470213,0.00383563,2024-12-11T14:20:10.084297042-05:00
DOGE-USD,0.413173435,1,ask,0.41473687,0.00378397,2024-12-11T14:21:10.991641209-05:00
DOGE-USD,0.41405133,1,ask,0.41560766,0.00375879,2024-12-11T14:22:11.809502629-05:00
DOGE-USD,0.41390022,1,ask,0.41546544,0.00378164,2024-12-11T14:23:12.606819598-05:00
DOGE-USD,0.413790925,1,ask,0.41537385,0.00382542,2024-12-11T14:24:13.450507889-05:00
DOGE-USD,0.413485175,1,ask,0.41512735,0.00397155,2024-12-11T14:25:14.339425032-05:00
DOGE-USD,0.41367025,1,ask,0.4152855,0.00390468,2024-12-11T14:26:15.208473759-05:00
DOGE-USD,0.412848,1,ask,0.412959,0.00026886,2024-12-11T14:27:16.077051768-05:00
DOGE-USD,0.414180345,1,ask,0.41583569,0.00399668,2024-12-11T14:28:16.931647659-05:00
DOGE-USD,0.41475632,1,ask,0.41637164,0.00389462,2024-12-11T14:29:17.874028161-05:00
DOGE-USD,0.415026015,1,ask,0.41670603,0.00404798,2024-12-11T14:30:18.718676965-05:00
DOGE-USD,0.41488721,1,ask,0.41663642,0.00421611,2024-12-11T14:31:19.627563888-05:00
DOGE-USD,0.41491062,1,ask,0.41660824,0.00409153,2024-12-11T14:32:20.515148245-05:00
DOGE-USD,0.415379655,1,ask,0.41707931,0.00409181,2024-12-11T14:33:21.347906267-05:00
DOGE-USD,0.415426655,1,ask,0.41713631,0.00411542,2024-12-11T14:34:22.213485748-05:00
DOGE-USD,0.414944,1,ask,0.415949,0.00242201,2024-12-11T14:35:23.035839475-05:00
DOGE-USD,0.41526705,1,ask,0.4170101,0.00419742,2024-12-11T14:36:23.912976789-05:00
DOGE-USD,0.415593345,1,ask,0.41726669,0.0040264,2024-12-11T14:37:24.749888993-05:00
DOGE-USD,0.415649685,1,ask,0.41732237,0.00402427,2024-12-11T14:38:25.594118798-05:00
DOGE-USD,0.416357335,1,ask,0.41802967,0.00401659,2024-12-11T14:39:26.425067601-05:00
DOGE-USD,0.416263885,1,ask,0.41792777,0.00399719,2024-12-11T14:40:27.212317632-05:00
DOGE-USD,0.4167313,1,ask,0.4184096,0.0040273,2024-12-11T14:41:28.007608245-05:00
DOGE-USD,0.41680032,1,ask,0.41851964,0.00412504,2024-12-11T14:42:28.85050624-05:00
DOGE-USD,0.416800865,1,ask,0.41855673,0.00421272,2024-12-11T14:43:29.679534421-05:00
DOGE-USD,0.41667121,1,ask,0.41840742,0.00416686,2024-12-11T14:44:30.56980992-05:00
DOGE-USD,0.416741765,1,ask,0.41851053,0.00424427,2024-12-11T14:45:31.44825365-05:00
DOGE-USD,0.416620825,1,ask,0.41840365,0.00427925,2024-12-11T14:46:32.330647506-05:00
DOGE-USD,0.416795365,1,ask,0.41855673,0.00422597,2024-12-11T14:47:33.155455799-05:00
DOGE-USD,0.415643,1,ask,0.416685,0.00250696,2024-12-11T14:48:33.907671508-05:00
DOGE-USD,0.416449665,1,ask,0.41820333,0.00421099,2024-12-11T14:49:34.733308372-05:00
DOGE-USD,0.4172134,1,ask,0.4189548,0.00417388,2024-12-11T14:50:35.54406796-05:00
DOGE-USD,0.41690855,1,ask,0.4186861,0.00426364,2024-12-11T14:51:36.375241258-05:00
DOGE-USD,0.41715556,1,ask,0.41893612,0.00426834,2024-12-11T14:52:37.203800651-05:00
DOGE-USD,0.41681444,1,ask,0.41856688,0.00420436,2024-12-11T14:53:38.025493943-05:00
DOGE-USD,0.416972255,1,ask,0.41875651,0.00427907,2024-12-11T14:54:38.936138871-05:00
DOGE-USD,0.41689135,1,ask,0.4186157,0.00413621,2024-12-11T14:55:39.824164778-05:00
DOGE-USD,0.41612521,1,ask,0.41787142,0.00419636,2024-12-11T14:56:40.687987227-05:00
DOGE-USD,0.415797,1,ask,0.41594,0.00034392,2024-12-11T14:57:41.532132353-05:00
DOGE-USD,0.41586456,1,ask,0.41761012,0.00419742,2024-12-11T14:58:42.37599159-05:00
DOGE-USD,0.416094765,1,ask,0.41780253,0.00410427,2024-12-11T14:59:43.165012834-05:00
DOGE-USD,0.41706521,1,ask,0.41878242,0.00411737,2024-12-11T15:00:44.084557709-05:00
DOGE-USD,0.41717,1,ask,0.418895,0.004135,2024-12-11T15:01:44.919996629-05:00
DOGE-USD,0.41820215,1,ask,0.4199673,0.00422081,2024-12-11T15:02:45.792499738-05:00
DOGE-USD,0.417529295,1,ask,0.41927659,0.00418484,2024-12-11T15:03:46.626573225-05:00
DOGE-USD,0.41836654,1,ask,0.42001108,0.00393086,2024-12-11T15:04:47.469083185-05:00
DOGE-USD,0.418018945,1,ask,0.41978089,0.00421499,2024-12-11T15:05:48.266834424-05:00
DOGE-USD,0.417900885,1,ask,0.41967177,0.00423757,2024-12-11T15:06:49.055231694-05:00
DOGE-USD,0.41820358,1,ask,0.41992016,0.00410465,2024-12-11T15:07:49.849714534-05:00
DOGE-USD,0.417951415,1,ask,0.41973483,0.00426704,2024-12-11T15:08:51.637836462-05:00
DOGE-USD,0.4171085,1,ask,0.418087,0.00234591,2024-12-11T15:09:52.40846979-05:00
DOGE-USD,0.416537815,1,ask,0.41826963,0.00415764,2024-12-11T15:10:53.218832828-05:00
DOGE-USD,0.41669565,1,ask,0.4184193,0.00413647,2024-12-11T15:11:54.131103463-05:00
DOGE-USD,0.41758735,1,ask,0.4193287,0.00417003,2024-12-11T15:12:55.007821028-05:00
DOGE-USD,0.41720365,1,ask,0.4189433,0.00416979,2024-12-11T15:13:55.846247791-05:00
DOGE-USD,0.417095815,1,ask,0.41892463,0.00438464,2024-12-11T15:14:56.6265767-05:00
DOGE-USD,0.41608,1,ask,0.417117,0.00249231,2024-12-11T15:15:57.383233075-05:00
DOGE-USD,0.41679638,1,ask,0.41857776,0.00427398,2024-12-11T15:16:58.206618182-05:00
DOGE-USD,0.41631174,1,ask,0.41809348,0.00427982,2024-12-11T15:17:59.063000249-05:00
DOGE-USD,0.416690335,1,ask,0.41846067,0.00424856,2024-12-11T15:18:59.876502697-05:00
DOGE-USD,0.417261855,1,ask,0.41906571,0.00432308,2024-12-11T15:20:00.679163597-05:00
DOGE-USD,0.41712909,1,ask,0.41894818,0.00436098,2024-12-11T15:21:01.460578663-05:00
DOGE-USD,0.417014265,1,ask,0.41880253,0.00428826,2024-12-11T15:22:02.257007015-05:00
DOGE-USD,0.4164719,1,ask,0.4182188,0.00419452,2024-12-11T15:23:03.104323076-05:00
DOGE-USD,0.4171026,1,ask,0.4188462,0.00418027,2024-12-11T15:24:03.895701502-05:00
DOGE-USD,0.41727465,1,ask,0.4190443,0.00424097,2024-12-11T15:25:04.703238578-05:00
DOGE-USD,0.416809,1,ask,0.417973,0.00279265,2024-12-11T15:26:05.510269388-05:00
DOGE-USD,0.416895,1,ask,0.417899,0.00240828,2024-12-11T15:27:06.320471402-05:00
DOGE-USD,0.41777593,1,ask,0.41959686,0.00435863,2024-12-11T15:28:07.194291752-05:00
DOGE-USD,0.4167435,1,ask,0.417768,0.00245835,2024-12-11T15:29:07.998140904-05:00
DOGE-USD,0.41750755,1,ask,0.4192211,0.00410424,2024-12-11T15:30:08.780561956-05:00
DOGE-USD,0.417997345,1,ask,0.41974769,0.00418745,2024-12-11T15:31:09.586662508-05:00
DOGE-USD,0.41749085,1,ask,0.4192417,0.00419374,2024-12-11T15:32:10.413433736-05:00
DOGE-USD,0.4176141,1,ask,0.4193832,0.00423621,2024-12-11T15:33:11.262237696-05:00
DOGE-USD,0.417365395,1,ask,0.41909879,0.00415318,2024-12-11T15:34:12.129678987-05:00
DOGE-USD,0.41686309,1,ask,0.41864318,0.0042702,2024-12-11T15:35:13.013546591-05:00
DOGE-USD,0.416578,1,ask,0.416636,0.00013923,2024-12-11T15:36:13.896208585-05:00
DOGE-USD,0.417466125,1,ask,0.41920725,0.0041707,2024-12-11T15:37:14.706060536-05:00
DOGE-USD,0.41764525,1,ask,0.4193975,0.00419555,2024-12-11T15:38:15.551471851-05:00
DOGE-USD,0.41732656,1,ask,0.41909412,0.00423544,2024-12-11T15:39:16.394497255-05:00
DOGE-USD,0.417550445,1,ask,0.41935489,0.0043215,2024-12-11T15:40:17.226275293-05:00
DOGE-USD,0.417818455,1,ask,0.41961291,0.00429482,2024-12-11T15:41:18.027805732-05:00
DOGE-USD,0.41831984,1,ask,0.42015968,0.00439817,2024-12-11T15:42:18.859707593-05:00
DOGE-USD,0.418311,1,ask,0.41921,0.00214912,2024-12-11T15:43:19.709123671-05:00
DOGE-USD,0.4181645,1,ask,0.419209,0.00249782,2024-12-11T15:44:20.569450116-05:00
DOGE-USD,0.419155215,1,ask,0.42098443,0.00436405,2024-12-11T15:45:21.405674192-05:00
DOGE-USD,0.4177865,1,ask,0.418831,0.00250008,2024-12-11T15:46:22.208018589-05:00
DOGE-USD,0.41666996,1,ask,0.418277,0.00385687,2024-12-11T15:47:23.006274873-05:00
DOGE-USD,0.417231125,1,ask,0.41903525,0.00432404,2024-12-11T15:48:23.831782131-05:00
DOGE-USD,0.415903,1,ask,0.416977,0.00258233,2024-12-11T15:49:24.70434309-05:00
DOGE-USD,0.41703692,1,ask,0.41888584,0.00443347,2024-12-11T15:50:25.525253077-05:00
DOGE-USD,0.416897075,1,ask,0.41873215,0.00440175,2024-12-11T15:51:26.352918378-05:00
DOGE-USD,0.416261,1,ask,0.4173,0.00249603,2024-12-11T15:52:27.218846835-05:00
DOGE-USD,0.416364,1,ask,0.416507,0.00034345,2024-12-11T15:53:28.021213843-05:00
DOGE-USD,0.415638,1,ask,0.416672,0.00248774,2024-12-11T15:54:28.87111314-05:00
DOGE-USD,0.414347775,1,ask,0.415879,0.00369551,2024-12-11T15:55:29.750430449-05:00
DOGE-USD,0.415469,1,ask,0.415519,0.00012035,2024-12-11T15:56:30.594404857-05:00
DOGE-USD,0.4155075,1,ask,0.41653,0.00246085,2024-12-11T15:57:31.431898029-05:00
DOGE-USD,0.416178,1,ask,0.417221,0.00250614,2024-12-11T15:58:32.717557654-05:00
DOGE-USD,0.417423945,1,ask,0.41923489,0.00433838,2024-12-11T15:59:33.594801434-05:00
DOGE-USD,0.4159135,1,ask,0.416988,0.00258347,2024-12-11T16:00:34.715614037-05:00
DOGE-USD,0.41689419,1,ask,0.41876038,0.00447641,2024-12-11T16:01:35.587915377-05:00
DOGE-USD,0.41704195,1,ask,0.4188559,0.00434956,2024-12-11T16:02:36.637305044-05:00
DOGE-USD,0.4168082,1,ask,0.4187004,0.00453974,2024-12-11T16:03:37.636151048-05:00
DOGE-USD,0.415899,1,ask,0.416981,0.00260159,2024-12-11T16:04:38.422880207-05:00
DOGE-USD,0.416503045,1,ask,0.41839109,0.00453309,2024-12-11T16:05:39.234813371-05:00
DOGE-USD,0.416245635,1,ask,0.41819327,0.00467905,2024-12-11T16:06:40.077790529-05:00
DOGE-USD,0.415929325,1,ask,0.41785465,0.00462897,2024-12-11T16:07:40.89938307-05:00
DOGE-USD,0.41502955,1,ask,0.4168901,0.00448293,2024-12-11T16:08:41.71999328-05:00
DOGE-USD,0.414797,1,ask,0.415828,0.00248555,2024-12-11T16:09:42.500786-05:00
DOGE-USD,0.414991,1,ask,0.416029,0.00250126,2024-12-11T16:10:43.39875348-05:00
DOGE-USD,0.41622035,1,ask,0.4180987,0.00451287,2024-12-11T16:11:44.438338282-05:00
DOGE-USD,0.416419895,1,ask,0.41829979,0.00451442,2024-12-11T16:12:45.313467881-05:00
DOGE-USD,0.416938265,1,ask,0.41880253,0.00447132,2024-12-11T16:13:46.136710929-05:00
DOGE-USD,0.4160095,1,ask,0.41704,0.00247711,2024-12-11T16:14:47.99193142-05:00
DOGE-USD,0.416450315,1,ask,0.41826963,0.00436862,2024-12-11T16:15:48.827099061-05:00
DOGE-USD,0.415832,1,ask,0.416866,0.00248658,2024-12-11T16:16:49.681558575-05:00
DOGE-USD,0.415641,1,ask,0.416677,0.00249254,2024-12-11T16:17:50.52249785-05:00
DOGE-USD,0.415628,1,ask,0.416652,0.00246374,2024-12-11T16:18:51.370372545-05:00
DOGE-USD,0.41632454,1,ask,0.41816908,0.00443053,2024-12-11T16:19:52.442834873-05:00
DOGE-USD,0.415405,1,ask,0.416442,0.00249636,2024-12-11T16:20:53.376080866-05:00
DOGE-USD,0.41624885,1,ask,0.4180987,0.0044441,2024-12-11T16:21:54.158015085-05:00
DOGE-USD,0.4153895,1,ask,0.416423,0.00248803,2024-12-11T16:22:54.996309982-05:00
DOGE-USD,0.41655431,1,ask,0.41845062,0.00455237,2024-12-11T16:23:55.813249238-05:00
DOGE-USD,0.41701126,1,ask,0.41888852,0.0045017,2024-12-11T16:24:56.616283341-05:00
DOGE-USD,0.416296,1,ask,0.416474,0.00042758,2024-12-11T16:25:57.473966977-05:00
DOGE-USD,0.415754,1,ask,0.416811,0.00254237,2024-12-11T16:26:58.282728056-05:00
DOGE-USD,0.416922265,1,ask,0.41880253,0.00450987,2024-12-11T16:27:59.111036251-05:00
DOGE-USD,0.41581,1,ask,0.416861,0.0025276,2024-12-11T16:28:59.92778735-05:00
DOGE-USD,0.41688945,1,ask,0.4187699,0.00451067,2024-12-11T16:30:00.747782273-05:00
DOGE-USD,0.41690548,1,ask,0.41880396,0.00455374,2024-12-11T16:31:01.60082501-05:00
DOGE-USD,0.41683952,1,ask,0.41871204,0.00449218,2024-12-11T16:32:02.466203501-05:00
DOGE-USD,0.417256,1,ask,0.417403,0.0003523,2024-12-11T16:33:03.356804774-05:00
DOGE-USD,0.417746,1,ask,0.417888,0.00033992,2024-12-11T16:34:04.171164129-05:00
DOGE-USD,0.41802055,1,ask,0.4199031,0.00450349,2024-12-11T16:35:04.94667268-05:00
DOGE-USD,0.417121,1,ask,0.417149,0.00006713,2024-12-11T16:36:05.753651685-05:00
DOGE-USD,0.417341655,1,ask,0.41922631,0.00451586,2024-12-11T16:37:06.548962536-05:00
DOGE-USD,0.41800075,1,ask,0.4199345,0.00462619,2024-12-11T16:38:07.329308462-05:00
DOGE-USD,0.4176272,1,ask,0.4196074,0.00474155,2024-12-11T16:39:08.146183976-05:00
DOGE-USD,0.417716935,1,ask,0.41959987,0.00450768,2024-12-11T16:40:08.978154574-05:00
DOGE-USD,0.4175475,1,ask,0.417766,0.00052329,2024-12-11T16:41:09.776920893-05:00
DOGE-USD,0.417838635,1,ask,0.42022649,0.00571478,2024-12-11T16:42:10.604412532-05:00
DOGE-USD,0.417465,1,ask,0.418525,0.00253914,2024-12-11T16:43:11.391467909-05:00
DOGE-USD,0.41776,1,ask,0.41808,0.00076599,2024-12-11T16:44:13.217632072-05:00
DOGE-USD,0.41903737,1,ask,0.42092574,0.00450645,2024-12-11T16:45:14.010405868-05:00
DOGE-USD,0.419318735,1,ask,0.42117547,0.00442798,2024-12-11T16:46:14.786562828-05:00
DOGE-USD,0.419086035,1,ask,0.42097607,0.0045099,2024-12-11T16:47:15.545020138-05:00
DOGE-USD,0.4188122,1,ask,0.4206844,0.00447026,2024-12-11T16:48:16.304457945-05:00
DOGE-USD,0.4179165,1,ask,0.418971,0.00252323,2024-12-11T16:49:17.124556294-05:00
DOGE-USD,0.4182625,1,ask,0.419301,0.00248289,2024-12-11T16:50:17.933505816-05:00
DOGE-USD,0.419026345,1,ask,0.42096569,0.00462822,2024-12-11T16:51:18.731181884-05:00
DOGE-USD,0.417176955,1,ask,0.418635,0.00349503,2024-12-11T16:52:19.532676726-05:00
DOGE-USD,0.417787,1,ask,0.418034,0.00059121,2024-12-11T16:53:20.32115621-05:00
DOGE-USD,0.418914545,1,ask,0.42085209,0.00462516,2024-12-11T16:54:21.174664542-05:00
DOGE-USD,0.4175175,1,ask,0.418589,0.00256636,2024-12-11T16:55:21.945948629-05:00
DOGE-USD,0.4178645,1,ask,0.418905,0.00249004,2024-12-11T16:56:22.738653064-05:00
DOGE-USD,0.418562,1,ask,0.418718,0.0003727,2024-12-11T16:57:23.513209046-05:00
DOGE-USD,0.418353555,1,ask,0.42027211,0.00458597,2024-12-11T16:58:24.318925302-05:00
DOGE-USD,0.41852218,1,ask,0.42042136,0.00453782,2024-12-11T16:59:25.051123013-05:00
DOGE-USD,0.418368585,1,ask,0.42028217,0.00457392,2024-12-11T17:00:25.835968257-05:00
DOGE-USD,0.4177225,1,ask,0.418125,0.00096356,2024-12-11T17:01:26.622597867-05:00
DOGE-USD,0.418063,1,ask,0.419129,0.00254985,2024-12-11T17:02:27.494576563-05:00
DOGE-USD,0.417557505,1,ask,0.418968,0.00337797,2024-12-11T17:03:28.264469485-05:00
DOGE-USD,0.418928575,1,ask,0.42088415,0.00466804,2024-12-11T17:04:29.099137183-05:00
DOGE-USD,0.418818165,1,ask,0.42078333,0.00469217,2024-12-11T17:05:29.90740819-05:00
DOGE-USD,0.41854139,1,ask,0.42050378,0.00468864,2024-12-11T17:06:30.776107471-05:00
DOGE-USD,0.41905251,1,ask,0.42097602,0.00459014,2024-12-11T17:07:31.550792088-05:00
DOGE-USD,0.418804,1,ask,0.419871,0.00254773,2024-12-11T17:08:32.412166429-05:00
DOGE-USD,0.419149375,1,ask,0.42108175,0.00461023,2024-12-11T17:09:33.329910698-05:00
DOGE-USD,0.41784745,1,ask,0.419316,0.00351456,2024-12-11T17:10:34.183426947-05:00
DOGE-USD,0.4181225,1,ask,0.418145,0.00005381,2024-12-11T17:11:35.005704539-05:00
DOGE-USD,0.41796026,1,ask,0.41989152,0.00462068,2024-12-11T17:12:35.854401504-05:00
DOGE-USD,0.417393,1,ask,0.417546,0.00036656,2024-12-11T17:13:36.699313597-05:00
DOGE-USD,0.41777515,1,ask,0.4196773,0.00455305,2024-12-11T17:14:37.542757759-05:00
DOGE-USD,0.41797795,1,ask,0.4199229,0.00465324,2024-12-11T17:15:38.384211319-05:00
DOGE-USD,0.4169825,1,ask,0.41805,0.00256006,2024-12-11T17:16:39.201526133-05:00
DOGE-USD,0.417558135,1,ask,0.41944127,0.00450988,2024-12-11T17:17:40.031753014-05:00
DOGE-USD,0.4163365,1,ask,0.417372,0.00248717,2024-12-11T17:18:40.905461878-05:00
DOGE-USD,0.417539535,1,ask,0.41946207,0.00460444,2024-12-11T17:19:41.702395649-05:00
DOGE-USD,0.417855,1,ask,0.418022,0.00039966,2024-12-11T17:20:42.566718014-05:00
DOGE-USD,0.4179575,1,ask,0.419914,0.0046811,2024-12-11T17:21:43.41371783-05:00
DOGE-USD,0.41779094,1,ask,0.41973188,0.00464572,2024-12-11T17:22:44.256976672-05:00
DOGE-USD,0.41762932,1,ask,0.41955664,0.00461491,2024-12-11T17:23:45.058189903-05:00
DOGE-USD,0.41771854,1,ask,0.41963708,0.0045929,2024-12-11T17:24:45.917576777-05:00
DOGE-USD,0.417178235,1,ask,0.418652,0.0035327,2024-12-11T17:25:46.765381555-05:00
DOGE-USD,0.417655085,1,ask,0.41995884,0.00551593,2024-12-11T17:26:47.59043661-05:00
DOGE-USD,0.417418755,1,ask,0.41973915,0.00555891,2024-12-11T17:27:48.507153799-05:00
DOGE-USD,0.41757174,1,ask,0.41952648,0.00468121,2024-12-11T17:28:49.367675746-05:00
DOGE-USD,0.4178545,1,ask,0.417998,0.00034342,2024-12-11T17:29:50.198220545-05:00
DOGE-USD,0.4177965,1,ask,0.417915,0.00028363,2024-12-11T17:30:51.011821358-05:00
DOGE-USD,0.4176675,1,ask,0.417724,0.00013528,2024-12-11T17:31:51.822523416-05:00
DOGE-USD,0.417253,1,ask,0.417409,0.00037387,2024-12-11T17:32:53.654529841-05:00
DOGE-USD,0.417015085,1,ask,0.41931533,0.00551598,2024-12-11T17:33:54.466952845-05:00
DOGE-USD,0.4173715,1,ask,0.417443,0.00017131,2024-12-11T17:34:55.274527111-05:00
DOGE-USD,0.41683183,1,ask,0.4191358,0.00552734,2024-12-11T17:35:56.092158953-05:00
DOGE-USD,0.41655588,1,ask,0.41890595,0.00564167,2024-12-11T17:36:56.943991118-05:00
DOGE-USD,0.416765085,1,ask,0.41906396,0.005516,2024-12-11T17:37:57.816893556-05:00
DOGE-USD,0.4171395,1,ask,0.41717,0.00007312,2024-12-11T17:38:58.775665638-05:00
DOGE-USD,0.41654758,1,ask,0.41886286,0.00555826,2024-12-11T17:39:59.610923825-05:00
DOGE-USD,0.4173585,1,ask,0.417418,0.00014256,2024-12-11T17:41:00.435269207-05:00
DOGE-USD,0.417006,1,ask,0.417143,0.00032853,2024-12-11T17:42:01.27980459-05:00
DOGE-USD,0.4168455,1,ask,0.416962,0.00027948,2024-12-11T17:43:02.175153837-05:00
DOGE-USD,0.416615,1,ask,0.416702,0.00020883,2024-12-11T17:44:03.005048859-05:00
DOGE-USD,0.416992,1,ask,0.417105,0.00027099,2024-12-11T17:45:03.810067819-05:00
DOGE-USD,0.4171415,1,ask,0.417277,0.00032483,2024-12-11T17:46:04.876984957-05:00
DOGE-USD,0.41674005,1,ask,0.41903379,0.00550401,2024-12-11T17:47:05.732782874-05:00
DOGE-USD,0.4172355,1,ask,0.417322,0.00020732,2024-12-11T17:48:06.540180123-05:00
DOGE-USD,0.41698593,1,ask,0.41930675,0.0055657,2024-12-11T17:49:07.354963425-05:00
DOGE-USD,0.4170405,1,ask,0.417152,0.00026736,2024-12-11T17:50:08.205543205-05:00
DOGE-USD,0.416764245,1,ask,0.41908407,0.00556628,2024-12-11T17:51:08.9642561-05:00
DOGE-USD,0.417097,1,ask,0.417195,0.00023496,2024-12-11T17:52:09.724521565-05:00
DOGE-USD,0.4167555,1,ask,0.416885,0.00031073,2024-12-11T17:53:10.54962217-05:00
DOGE-USD,0.417326,1,ask,0.417443,0.00028036,2024-12-11T17:54:11.341479347-05:00
DOGE-USD,0.417752,1,ask,0.417814,0.00014841,2024-12-11T17:55:12.164546099-05:00
DOGE-USD,0.41820508,1,ask,0.42051185,0.00551588,2024-12-11T17:56:13.012237951-05:00
DOGE-USD,0.418546955,1,ask,0.42087382,0.00555939,2024-12-11T17:57:13.898253783-05:00
DOGE-USD,0.418363,1,ask,0.418385,0.00005259,2024-12-11T17:58:14.760390207-05:00
DOGE-USD,0.415958385,1,ask,0.417371,0.00339605,2024-12-11T17:59:15.537311437-05:00
DOGE-USD,0.4175596,1,ask,0.4195682,0.00481033,2024-12-11T18:00:16.617834724-05:00
DOGE-USD,0.4175465,1,ask,0.41769,0.00034367,2024-12-11T18:01:17.663972052-05:00
DOGE-USD,0.4165745,1,ask,0.417622,0.00251456,2024-12-11T18:02:18.497294622-05:00
DOGE-USD,0.4167735,1,ask,0.417858,0.00260213,2024-12-11T18:03:19.298038571-05:00
DOGE-USD,0.417450075,1,ask,0.41946615,0.0048295,2024-12-11T18:04:20.131746571-05:00
DOGE-USD,0.416765305,1,ask,0.418179,0.00339206,2024-12-11T18:05:20.966886971-05:00
DOGE-USD,0.417538345,1,ask,0.41956269,0.00484829,2024-12-11T18:06:21.823220298-05:00
DOGE-USD,0.417406805,1,ask,0.41939161,0.00475509,2024-12-11T18:07:22.726855404-05:00
DOGE-USD,0.4160715,1,ask,0.417091,0.0024503,2024-12-11T18:08:23.561982631-05:00
DOGE-USD,0.416995,1,ask,0.418076,0.00259236,2024-12-11T18:09:24.385601392-05:00
DOGE-USD,0.417178,1,ask,0.418236,0.00253609,2024-12-11T18:10:25.225936482-05:00
DOGE-USD,0.417099,1,ask,0.418244,0.00274515,2024-12-11T18:11:26.054946224-05:00
DOGE-USD,0.41763298,1,ask,0.41962196,0.00476251,2024-12-11T18:12:26.866582155-05:00
DOGE-USD,0.416771,1,ask,0.417852,0.00259375,2024-12-11T18:13:27.700085622-05:00
DOGE-USD,0.418048085,1,ask,0.42001917,0.00471497,2024-12-11T18:14:28.522049452-05:00
DOGE-USD,0.4175855,1,ask,0.418675,0.00260905,2024-12-11T18:15:29.377700856-05:00
DOGE-USD,0.4183574,1,ask,0.4203988,0.00487956,2024-12-11T18:16:30.211786518-05:00
DOGE-USD,0.41822728,1,ask,0.42025356,0.00484493,2024-12-11T18:17:31.057030313-05:00
DOGE-USD,0.417495,1,ask,0.417628,0.00031857,2024-12-11T18:18:31.855732302-05:00
DOGE-USD,0.4170515,1,ask,0.418151,0.00263637,2024-12-11T18:19:32.716862773-05:00
DOGE-USD,0.417113,1,ask,0.418197,0.00259882,2024-12-11T18:20:33.598380545-05:00
DOGE-USD,0.417448925,1,ask,0.41941885,0.00471896,2024-12-11T18:21:34.458042809-05:00
DOGE-USD,0.4153208,1,ask,0.416764,0.0034749,2024-12-11T18:22:35.260953794-05:00
DOGE-USD,0.415863,1,ask,0.416015,0.0003655,2024-12-11T18:23:36.099971885-05:00
DOGE-USD,0.416247,1,ask,0.416265,0.00004324,2024-12-11T18:24:37.003132372-05:00
DOGE-USD,0.41614305,1,ask,0.4180951,0.00469081,2024-12-11T18:25:37.840545591-05:00
DOGE-USD,0.4154125,1,ask,0.416461,0.002524,2024-12-11T18:26:38.668309203-05:00
DOGE-USD,0.416140075,1,ask,0.41799815,0.00446502,2024-12-11T18:27:39.551861818-05:00
DOGE-USD,0.4158035,1,ask,0.416883,0.00259618,2024-12-11T18:28:40.429001162-05:00
DOGE-USD,0.4158155,1,ask,0.416879,0.00255762,2024-12-11T18:29:41.243723164-05:00
DOGE-USD,0.41695796,1,ask,0.41887292,0.00459269,2024-12-11T18:30:42.056993907-05:00
DOGE-USD,0.41569235,1,ask,0.417169,0.00355227,2024-12-11T18:31:42.924879132-05:00
DOGE-USD,0.416222,1,ask,0.416502,0.00067272,2024-12-11T18:32:43.754466884-05:00
DOGE-USD,0.416132,1,ask,0.417255,0.00269866,2024-12-11T18:33:44.655466289-05:00
DOGE-USD,0.417307335,1,ask,0.41919467,0.00452265,2024-12-11T18:34:45.447121262-05:00
DOGE-USD,0.415789,1,ask,0.416846,0.00254215,2024-12-11T18:35:46.281474153-05:00
DOGE-USD,0.416757385,1,ask,0.41866177,0.00456953,2024-12-11T18:36:47.097695884-05:00
DOGE-USD,0.41620782,1,ask,0.41808864,0.00451894,2024-12-11T18:37:48.206338566-05:00
DOGE-USD,0.41534,1,ask,0.416425,0.00261232,2024-12-11T18:38:49.026273431-05:00
DOGE-USD,0.41612405,1,ask,0.4179881,0.00447955,2024-12-11T18:39:49.965765626-05:00
DOGE-USD,0.41606183,1,ask,0.41790766,0.00443643,2024-12-11T18:40:50.824938874-05:00
DOGE-USD,0.414317985,1,ask,0.415761,0.00348287,2024-12-11T18:41:51.655593289-05:00
DOGE-USD,0.416010775,1,ask,0.41788755,0.00451136,2024-12-11T18:42:52.489587786-05:00
DOGE-USD,0.414601625,1,ask,0.416069,0.00353924,2024-12-11T18:43:53.302436121-05:00
DOGE-USD,0.4155335,1,ask,0.416603,0.0025738,2024-12-11T18:44:54.122394686-05:00
DOGE-USD,0.414907445,1,ask,0.416562,0.00398777,2024-12-11T18:45:55.005143717-05:00
DOGE-USD,0.4148105,1,ask,0.414863,0.00012656,2024-12-11T18:46:55.839793524-05:00
DOGE-USD,0.4148955,1,ask,0.415061,0.0003989,2024-12-11T18:47:56.670706582-05:00
DOGE-USD,0.4146685,1,ask,0.41467,0.00000362,2024-12-11T18:48:57.542440853-05:00
DOGE-USD,0.413834135,1,ask,0.415284,0.00350349,2024-12-11T18:49:58.355298995-05:00
DOGE-USD,0.41486995,1,ask,0.4167259,0.00447357,2024-12-11T18:50:59.193365069-05:00
DOGE-USD,0.413510865,1,ask,0.414966,0.00351898,2024-12-11T18:52:00.128885559-05:00
DOGE-USD,0.4137185,1,ask,0.41372,0.00000363,2024-12-11T18:53:00.961549902-05:00
DOGE-USD,0.413426,1,ask,0.414457,0.0024938,2024-12-11T18:54:02.050205882-05:00
DOGE-USD,0.41336037,1,ask,0.414805,0.00349484,2024-12-11T18:55:02.867433055-05:00
DOGE-USD,0.4146185,1,ask,0.415665,0.00252401,2024-12-11T18:56:03.69057773-05:00
DOGE-USD,0.415072515,1,ask,0.41701403,0.00467753,2024-12-11T18:57:04.553332693-05:00
DOGE-USD,0.41493287,1,ask,0.41682174,0.00455223,2024-12-11T18:58:05.35395069-05:00
DOGE-USD,0.4142775,1,ask,0.414439,0.00038984,2024-12-11T18:59:06.183165761-05:00
DOGE-USD,0.414036,1,ask,0.414278,0.00058449,2024-12-11T19:00:06.967906102-05:00
DOGE-USD,0.41405687,1,ask,0.415509,0.00350708,2024-12-11T19:01:07.815854544-05:00
DOGE-USD,0.4139785,1,ask,0.414163,0.00044568,2024-12-11T19:02:08.579652805-05:00
DOGE-USD,0.413688165,1,ask,0.41559533,0.00461015,2024-12-11T19:03:09.446389375-05:00
DOGE-USD,0.412075065,1,ask,0.413541,0.00355745,2024-12-11T19:04:10.271186552-05:00
DOGE-USD,0.412837765,1,ask,0.41476153,0.00465986,2024-12-11T19:05:11.135486756-05:00
DOGE-USD,0.413084,1,ask,0.413423,0.00082066,2024-12-11T19:06:11.95999551-05:00
DOGE-USD,0.414013405,1,ask,0.41591681,0.00459745,2024-12-11T19:07:12.784438911-05:00
DOGE-USD,0.413795,1,ask,0.41385,0.00013292,2024-12-11T19:08:13.670647724-05:00
DOGE-USD,0.41387564,1,ask,0.41579728,0.00464304,2024-12-11T19:09:14.491667622-05:00
DOGE-USD,0.41233184,1,ask,0.413808,0.00358003,2024-12-11T19:10:15.334081803-05:00
DOGE-USD,0.41333639,1,ask,0.41529478,0.00473801,2024-12-11T19:11:16.180453848-05:00
DOGE-USD,0.41366961,1,ask,0.41562522,0.00472747,2024-12-11T19:12:16.99682813-05:00
DOGE-USD,0.41385652,1,ask,0.41577604,0.00463813,2024-12-11T19:13:17.794923099-05:00
DOGE-USD,0.41203597,1,ask,0.413507,0.00357015,2024-12-11T19:14:18.627597738-05:00
DOGE-USD,0.412613095,1,ask,0.414062,0.00351153,2024-12-11T19:15:19.457935207-05:00
DOGE-USD,0.4139186,1,ask,0.4158062,0.00456032,2024-12-11T19:16:20.295674646-05:00
DOGE-USD,0.41490754,1,ask,0.41684308,0.00466499,2024-12-11T19:17:21.365497356-05:00
DOGE-USD,0.414552,1,ask,0.414761,0.00050416,2024-12-11T19:18:22.184681468-05:00
DOGE-USD,0.414052,1,ask,0.415169,0.00269773,2024-12-11T19:19:23.011754678-05:00
DOGE-USD,0.414568675,1,ask,0.41650935,0.00468119,2024-12-11T19:20:23.851298723-05:00
DOGE-USD,0.41420709,1,ask,0.41616818,0.00473456,2024-12-11T19:21:24.71653064-05:00
DOGE-USD,0.4128,1,ask,0.412927,0.00030766,2024-12-11T19:22:25.493690375-05:00
DOGE-USD,0.413629,1,ask,0.413729,0.00024176,2024-12-11T19:23:26.333701283-05:00
DOGE-USD,0.413245055,1,ask,0.41521511,0.00476728,2024-12-11T19:24:27.191437383-05:00
DOGE-USD,0.41288235,1,ask,0.4147917,0.00462444,2024-12-11T19:25:28.017987637-05:00
DOGE-USD,0.412348,1,ask,0.413451,0.00267493,2024-12-11T19:26:28.825965251-05:00
DOGE-USD,0.4117815,1,ask,0.412856,0.00260939,2024-12-11T19:27:29.686696389-05:00
DOGE-USD,0.41225701,1,ask,0.41412502,0.00453118,2024-12-11T19:28:30.55362718-05:00
DOGE-USD,0.41197395,1,ask,0.4138779,0.00462153,2024-12-11T19:29:31.432531956-05:00
