symbol,price,quantity,side,bid_inclusive_of_sell_spread,sell_spread,timestamp
DOGE-USD,0.46160508,1,bid,0.45906048,0.0055125,2024-12-08T11:00:06.618189511-05:00
DOGE-USD,0.46226874,1,bid,0.45972,0.00551355,2024-12-08T11:01:06.819307317-05:00
DOGE-USD,0.462382655,1,bid,0.459849,0.00547956,2024-12-08T11:02:06.973019923-05:00
DOGE-USD,0.462038615,1,bid,0.45948813,0.00552007,2024-12-08T11:03:07.132868607-05:00
DOGE-USD,0.461668385,1,bid,0.459089,0.00558709,2024-12-08T11:04:07.309187082-05:00
DOGE-USD,0.460757215,1,bid,0.45822121,0.00550399,2024-12-08T11:05:07.470669366-05:00
DOGE-USD,0.462254,1,bid,0.45964595,0.00564203,2024-12-08T11:06:07.652232069-05:00
DOGE-USD,0.46269182,1,bid,0.46014421,0.00550606,2024-12-08T11:07:07.839707947-05:00
DOGE-USD,0.46271716,1,bid,0.4601279,0.00559577,2024-12-08T11:08:07.994436861-05:00
DOGE-USD,0.462851435,1,bid,0.4602633,0.00559172,2024-12-08T11:09:08.175824737-05:00
DOGE-USD,0.462849375,1,bid,0.46026385,0.0055861,2024-12-08T11:10:08.34004376-05:00
DOGE-USD,0.46269548,1,bid,0.4600946,0.00562115,2024-12-08T11:11:08.491601504-05:00
DOGE-USD,0.46210515,1,bid,0.45945438,0.00573629,2024-12-08T11:12:08.672915957-05:00
DOGE-USD,0.462591735,1,bid,0.46001522,0.00556974,2024-12-08T11:13:08.857411889-05:00
DOGE-USD,0.463979455,1,bid,0.46143341,0.00548741,2024-12-08T11:14:09.057663607-05:00
DOGE-USD,0.463907475,1,bid,0.46136777,0.00547459,2024-12-08T11:15:09.225648614-05:00
DOGE-USD,0.46302365,1,bid,0.460466,0.0055238,2024-12-08T11:16:09.380004867-05:00
DOGE-USD,0.46444782,1,bid,0.461873,0.00554383,2024-12-08T11:17:09.543925651-05:00
DOGE-USD,0.46385856,1,bid,0.46135,0.00540803,2024-12-08T11:18:09.753203476-05:00
DOGE-USD,0.464892715,1,bid,0.4622905,0.00559745,2024-12-08T11:19:09.925237787-05:00
DOGE-USD,0.4649114,1,bid,0.462409,0.00538253,2024-12-08T11:20:10.106626918-05:00
DOGE-USD,0.465679045,1,bid,0.4631813,0.00536366,2024-12-08T11:21:10.271622738-05:00
DOGE-USD,0.46479645,1,bid,0.4623639,0.00523358,2024-12-08T11:22:10.456107358-05:00
DOGE-USD,0.463868045,1,bid,0.4613621,0.00540228,2024-12-08T11:23:10.605972393-05:00
DOGE-USD,0.463325965,1,bid,0.4608704,0.00529986,2024-12-08T11:24:10.835972732-05:00
DOGE-USD,0.463639465,1,bid,0.4611446,0.00538105,2024-12-08T11:25:11.003937593-05:00
DOGE-USD,0.46233872,1,bid,0.4598221,0.00544324,2024-12-08T11:26:11.171571885-05:00
DOGE-USD,0.4623145,1,bid,0.45979,0.00546057,2024-12-08T11:27:11.36687685-05:00
DOGE-USD,0.462543945,1,bid,0.4599925,0.00551611,2024-12-08T11:28:11.528377729-05:00
DOGE-USD,0.4626818,1,bid,0.46012068,0.00553538,2024-12-08T11:29:11.701348022-05:00
DOGE-USD,0.463363,1,bid,0.46085062,0.00542206,2024-12-08T11:30:11.865434411-05:00
DOGE-USD,0.46406116,1,bid,0.4614891,0.0055425,2024-12-08T11:31:12.044217573-05:00
DOGE-USD,0.4645887,1,bid,0.4619954,0.00558193,2024-12-08T11:32:12.23260832-05:00
DOGE-USD,0.465106595,1,bid,0.46250473,0.00559413,2024-12-08T11:33:12.412516853-05:00
DOGE-USD,0.46493282,1,bid,0.462304,0.00565419,2024-12-08T11:34:12.582691717-05:00
DOGE-USD,0.46452497,1,bid,0.461926,0.0055949,2024-12-08T11:35:12.761872852-05:00
DOGE-USD,0.4651259,1,bid,0.46251725,0.00560848,2024-12-08T11:36:12.962587521-05:00
DOGE-USD,0.46491827,1,bid,0.4623824,0.00545444,2024-12-08T11:37:13.109710298-05:00
DOGE-USD,0.46721014,1,bid,0.4645939,0.00559971,2024-12-08T11:38:13.290837175-05:00
DOGE-USD,0.467064635,1,bid,0.46444627,0.005606,2024-12-08T11:39:13.492546733-05:00
DOGE-USD,0.46764595,1,bid,0.4650999,0.0054444,2024-12-08T11:40:13.630997345-05:00
DOGE-USD,0.466069125,1,bid,0.46341245,0.00570017,2024-12-08T11:41:13.813513859-05:00
DOGE-USD,0.46764046,1,bid,0.46502938,0.00558352,2024-12-08T11:42:13.977661225-05:00
DOGE-USD,0.468584175,1,bid,0.46597514,0.00556791,2024-12-08T11:43:14.134461971-05:00
DOGE-USD,0.468488215,1,bid,0.46578212,0.00577623,2024-12-08T11:44:14.291363773-05:00
DOGE-USD,0.46750782,1,bid,0.46482654,0.00573526,2024-12-08T11:45:14.485882848-05:00
DOGE-USD,0.46521106,1,bid,0.46259743,0.00561816,2024-12-08T11:46:14.661354084-05:00
DOGE-USD,0.46574492,1,bid,0.46315,0.00557155,2024-12-08T11:47:14.814763851-05:00
DOGE-USD,0.46510496,1,bid,0.462639,0.00530194,2024-12-08T11:48:14.979408641-05:00
DOGE-USD,0.464370595,1,bid,0.461876,0.00537199,2024-12-08T11:49:15.151548856-05:00
DOGE-USD,0.46455465,1,bid,0.462094,0.00529679,2024-12-08T11:50:15.319515348-05:00
DOGE-USD,0.46575227,1,bid,0.46319769,0.00548485,2024-12-08T11:51:15.491899731-05:00
DOGE-USD,0.46619737,1,bid,0.4637238,0.00530584,2024-12-08T11:52:15.669858364-05:00
DOGE-USD,0.46579761,1,bid,0.463363,0.00522676,2024-12-08T11:53:15.836846498-05:00
DOGE-USD,0.46554796,1,bid,0.46301867,0.00543293,2024-12-08T11:54:16.003200583-05:00
DOGE-USD,0.464723165,1,bid,0.46222,0.00538636,2024-12-08T11:55:16.203088131-05:00
DOGE-USD,0.46512422,1,bid,0.46262086,0.00538213,2024-12-08T11:56:16.383037396-05:00
DOGE-USD,0.46474931,1,bid,0.462242,0.00539497,2024-12-08T11:57:16.571365317-05:00
DOGE-USD,0.46449665,1,bid,0.461978,0.00542232,2024-12-08T11:58:16.743376919-05:00
DOGE-USD,0.464597475,1,bid,0.462036,0.00551332,2024-12-08T11:59:16.919527419-05:00
DOGE-USD,0.46468059,1,bid,0.46215344,0.00543847,2024-12-08T12:00:17.080144603-05:00
DOGE-USD,0.46503052,1,bid,0.462521,0.00539646,2024-12-08T12:01:17.288591624-05:00
DOGE-USD,0.46301636,1,bid,0.46050254,0.00542923,2024-12-08T12:02:17.459067652-05:00
DOGE-USD,0.463815435,1,bid,0.46132799,0.00536301,2024-12-08T12:03:17.634219869-05:00
DOGE-USD,0.464391205,1,bid,0.461898,0.00536876,2024-12-08T12:04:17.852669748-05:00
DOGE-USD,0.46586775,1,bid,0.46334686,0.00541117,2024-12-08T12:05:18.012537505-05:00
DOGE-USD,0.46440461,1,bid,0.46182722,0.00554988,2024-12-08T12:06:18.184262118-05:00
DOGE-USD,0.46379969,1,bid,0.46126238,0.0054707,2024-12-08T12:07:18.33961813-05:00
DOGE-USD,0.464050375,1,bid,0.46155275,0.00538223,2024-12-08T12:08:18.526192821-05:00
DOGE-USD,0.462823875,1,bid,0.46030175,0.00544943,2024-12-08T12:09:18.698516907-05:00
DOGE-USD,0.462326545,1,bid,0.45976709,0.00553603,2024-12-08T12:10:18.880416988-05:00
DOGE-USD,0.463024895,1,bid,0.46048879,0.00547725,2024-12-08T12:11:19.05690918-05:00
DOGE-USD,0.463374135,1,bid,0.46077327,0.00561288,2024-12-08T12:12:19.249129482-05:00
DOGE-USD,0.46399054,1,bid,0.46141483,0.00555121,2024-12-08T12:13:19.442144847-05:00
DOGE-USD,0.46405513,1,bid,0.461514,0.00547592,2024-12-08T12:14:19.613724757-05:00
DOGE-USD,0.46413807,1,bid,0.461597,0.00547481,2024-12-08T12:15:19.777691944-05:00
DOGE-USD,0.463050985,1,bid,0.460504,0.00550044,2024-12-08T12:16:19.917175-05:00
DOGE-USD,0.46256715,1,bid,0.4600365,0.00547088,2024-12-08T12:17:20.120378708-05:00
DOGE-USD,0.46286443,1,bid,0.4603892,0.00534763,2024-12-08T12:18:20.277982956-05:00
DOGE-USD,0.46372961,1,bid,0.46122,0.0054118,2024-12-08T12:19:20.437178333-05:00
DOGE-USD,0.46358011,1,bid,0.46106941,0.00541589,2024-12-08T12:20:20.601859303-05:00
DOGE-USD,0.463611585,1,bid,0.461119,0.00537645,2024-12-08T12:21:20.811166912-05:00
DOGE-USD,0.463801165,1,bid,0.46123054,0.00554252,2024-12-08T12:22:20.982265476-05:00
DOGE-USD,0.465033165,1,bid,0.46247762,0.0054954,2024-12-08T12:23:21.152766868-05:00
DOGE-USD,0.465535065,1,bid,0.46297889,0.00549083,2024-12-08T12:24:21.328897472-05:00
DOGE-USD,0.465520105,1,bid,0.463074,0.00525456,2024-12-08T12:25:21.511170319-05:00
DOGE-USD,0.465044525,1,bid,0.462513,0.00544362,2024-12-08T12:26:21.678284352-05:00
DOGE-USD,0.46458883,1,bid,0.46206393,0.0054347,2024-12-08T12:27:21.829415087-05:00
DOGE-USD,0.46472362,1,bid,0.462199,0.00543252,2024-12-08T12:28:22.006551679-05:00
DOGE-USD,0.46403017,1,bid,0.46147717,0.0055018,2024-12-08T12:29:22.160831386-05:00
DOGE-USD,0.463994935,1,bid,0.46144733,0.00549059,2024-12-08T12:30:22.316544303-05:00
DOGE-USD,0.464049565,1,bid,0.46148313,0.00553052,2024-12-08T12:31:22.488364725-05:00
DOGE-USD,0.46358679,1,bid,0.46103568,0.00550298,2024-12-08T12:32:22.709997981-05:00
DOGE-USD,0.463569395,1,bid,0.46101579,0.00550857,2024-12-08T12:33:22.90380782-05:00
DOGE-USD,0.46425882,1,bid,0.46171585,0.00547748,2024-12-08T12:34:23.302851466-05:00
DOGE-USD,0.463166065,1,bid,0.46060798,0.00552304,2024-12-08T12:35:23.430232105-05:00
DOGE-USD,0.46306081,1,bid,0.46051862,0.00548997,2024-12-08T12:36:23.598178374-05:00
DOGE-USD,0.46283172,1,bid,0.46023244,0.00561604,2024-12-08T12:37:23.788399351-05:00
DOGE-USD,0.46251169,1,bid,0.45991538,0.0056135,2024-12-08T12:38:23.964560778-05:00
DOGE-USD,0.463030425,1,bid,0.46045785,0.00555595,2024-12-08T12:39:24.143367758-05:00
DOGE-USD,0.463468785,1,bid,0.46094357,0.00544851,2024-12-08T12:40:24.324823885-05:00
DOGE-USD,0.46377998,1,bid,0.46122396,0.00551128,2024-12-08T12:41:24.484547176-05:00
DOGE-USD,0.46340993,1,bid,0.46088586,0.00544673,2024-12-08T12:42:24.680021374-05:00
DOGE-USD,0.462882395,1,bid,0.46036279,0.00544329,2024-12-08T12:43:24.848336808-05:00
DOGE-USD,0.46352936,1,bid,0.4609654,0.00553139,2024-12-08T12:44:25.020286382-05:00
DOGE-USD,0.463513845,1,bid,0.46101969,0.00538097,2024-12-08T12:45:25.184752747-05:00
DOGE-USD,0.46418273,1,bid,0.46159646,0.00557166,2024-12-08T12:46:25.386216837-05:00
DOGE-USD,0.464748065,1,bid,0.462142,0.00560748,2024-12-08T12:47:25.553188507-05:00
DOGE-USD,0.46535441,1,bid,0.46277788,0.0055367,2024-12-08T12:48:25.711246563-05:00
DOGE-USD,0.46446145,1,bid,0.4618829,0.0055517,2024-12-08T12:49:25.89075786-05:00
DOGE-USD,0.465923315,1,bid,0.46336863,0.00548306,2024-12-08T12:50:26.057952251-05:00
DOGE-USD,0.467162415,1,bid,0.46460583,0.00547258,2024-12-08T12:51:26.221477168-05:00
DOGE-USD,0.468324,1,bid,0.465712,0.00557734,2024-12-08T12:52:26.338968076-05:00
DOGE-USD,0.467453005,1,bid,0.46487561,0.0055137,2024-12-08T12:53:26.514794904-05:00
DOGE-USD,0.467090885,1,bid,0.464444,0.00566675,2024-12-08T12:54:26.682023704-05:00
DOGE-USD,0.466785845,1,bid,0.46413172,0.00568596,2024-12-08T12:55:26.878993617-05:00
DOGE-USD,0.466261335,1,bid,0.4636368,0.00562889,2024-12-08T12:56:27.092863219-05:00
DOGE-USD,0.46614012,1,bid,0.46349356,0.00567761,2024-12-08T12:57:27.328660441-05:00
DOGE-USD,0.465877215,1,bid,0.46324096,0.00565869,2024-12-08T12:58:27.522736864-05:00
DOGE-USD,0.465895315,1,bid,0.46328663,0.00559929,2024-12-08T12:59:27.702425502-05:00
DOGE-USD,0.465995015,1,bid,0.46337611,0.00562003,2024-12-08T13:00:27.861971355-05:00
DOGE-USD,0.466729745,1,bid,0.46411304,0.00560647,2024-12-08T13:01:28.052690543-05:00
DOGE-USD,0.46639318,1,bid,0.46379712,0.00556625,2024-12-08T13:02:28.22412741-05:00
DOGE-USD,0.467495355,1,bid,0.46487448,0.00560621,2024-12-08T13:03:28.377743448-05:00
DOGE-USD,0.46654273,1,bid,0.46389899,0.00566666,2024-12-08T13:04:28.566156858-05:00
DOGE-USD,0.466565565,1,bid,0.46395271,0.00560019,2024-12-08T13:05:28.740060067-05:00
DOGE-USD,0.46535587,1,bid,0.46275525,0.00558845,2024-12-08T13:06:28.927387412-05:00
DOGE-USD,0.46549892,1,bid,0.46290843,0.00556498,2024-12-08T13:07:29.097370539-05:00
DOGE-USD,0.465104555,1,bid,0.46255911,0.00547284,2024-12-08T13:08:29.265382563-05:00
DOGE-USD,0.466144985,1,bid,0.46357747,0.00550798,2024-12-08T13:09:29.451010602-05:00
DOGE-USD,0.466280495,1,bid,0.46367843,0.00558047,2024-12-08T13:10:29.613673281-05:00
DOGE-USD,0.46511506,1,bid,0.46251259,0.00559533,2024-12-08T13:11:29.750575629-05:00
DOGE-USD,0.465833005,1,bid,0.4632043,0.00564302,2024-12-08T13:12:29.911397938-05:00
DOGE-USD,0.466135675,1,bid,0.46350936,0.00563423,2024-12-08T13:13:30.128718009-05:00
DOGE-USD,0.46534219,1,bid,0.46271611,0.00564333,2024-12-08T13:14:30.29318238-05:00
DOGE-USD,0.465238635,1,bid,0.46265244,0.00555886,2024-12-08T13:15:30.497917974-05:00
DOGE-USD,0.46523524,1,bid,0.46261655,0.00562874,2024-12-08T13:16:30.672759892-05:00
DOGE-USD,0.464450655,1,bid,0.46183906,0.00562298,2024-12-08T13:17:30.852440952-05:00
DOGE-USD,0.464094415,1,bid,0.46147517,0.00564378,2024-12-08T13:18:31.013917747-05:00
DOGE-USD,0.46336122,1,bid,0.460783,0.00556417,2024-12-08T13:19:31.169068888-05:00
DOGE-USD,0.46260765,1,bid,0.46003858,0.00555345,2024-12-08T13:20:31.371587454-05:00
DOGE-USD,0.462827795,1,bid,0.460239,0.00559343,2024-12-08T13:21:31.542148841-05:00
DOGE-USD,0.46147647,1,bid,0.458878,0.00563077,2024-12-08T13:22:31.70303698-05:00
DOGE-USD,0.460596,1,bid,0.458024,0.00558407,2024-12-08T13:23:31.867925919-05:00
DOGE-USD,0.46049278,1,bid,0.45796244,0.00549485,2024-12-08T13:24:32.024871976-05:00
DOGE-USD,0.459771825,1,bid,0.457169,0.00566112,2024-12-08T13:25:32.210520554-05:00
DOGE-USD,0.45990022,1,bid,0.45728851,0.00567886,2024-12-08T13:26:32.409406889-05:00
DOGE-USD,0.45947495,1,bid,0.4568709,0.00566745,2024-12-08T13:27:32.584020842-05:00
DOGE-USD,0.461388965,1,bid,0.45881193,0.00558538,2024-12-08T13:28:32.778016864-05:00
DOGE-USD,0.461304085,1,bid,0.45873417,0.00557098,2024-12-08T13:29:32.986816993-05:00
DOGE-USD,0.461243975,1,bid,0.45866,0.00560219,2024-12-08T13:30:33.226208176-05:00
DOGE-USD,0.46031562,1,bid,0.45778124,0.00550574,2024-12-08T13:31:33.441265197-05:00
DOGE-USD,0.460910875,1,bid,0.458345,0.00556697,2024-12-08T13:32:33.628465912-05:00
DOGE-USD,0.461631445,1,bid,0.45902271,0.00565112,2024-12-08T13:33:33.814962909-05:00
DOGE-USD,0.46213612,1,bid,0.45955551,0.00558409,2024-12-08T13:34:34.281547597-05:00
DOGE-USD,0.46239587,1,bid,0.459786,0.00564423,2024-12-08T13:35:34.474935002-05:00
DOGE-USD,0.46278277,1,bid,0.46022939,0.00551745,2024-12-08T13:36:34.645319569-05:00
DOGE-USD,0.463064705,1,bid,0.46046383,0.00561666,2024-12-08T13:37:34.821393897-05:00
DOGE-USD,0.46248321,1,bid,0.45991181,0.00555999,2024-12-08T13:38:35.00809673-05:00
DOGE-USD,0.462760185,1,bid,0.46020763,0.00551593,2024-12-08T13:39:35.192990455-05:00
DOGE-USD,0.46285956,1,bid,0.46029112,0.00554907,2024-12-08T13:40:35.370247643-05:00
DOGE-USD,0.462946615,1,bid,0.46037873,0.00554683,2024-12-08T13:41:35.551442862-05:00
DOGE-USD,0.46267277,1,bid,0.46007835,0.00560746,2024-12-08T13:42:35.730665472-05:00
DOGE-USD,0.46287788,1,bid,0.4602798,0.00561288,2024-12-08T13:43:35.932539581-05:00
DOGE-USD,0.463128135,1,bid,0.46055431,0.00555748,2024-12-08T13:44:36.106981826-05:00
DOGE-USD,0.46371696,1,bid,0.46114897,0.00553784,2024-12-08T13:45:36.277207066-05:00
DOGE-USD,0.4633903,1,bid,0.46083073,0.00552357,2024-12-08T13:46:36.450139033-05:00
DOGE-USD,0.46355813,1,bid,0.46098193,0.00555745,2024-12-08T13:47:36.681022344-05:00
DOGE-USD,0.46349494,1,bid,0.46089647,0.00560625,2024-12-08T13:48:36.87187369-05:00
DOGE-USD,0.463514225,1,bid,0.46093819,0.00555762,2024-12-08T13:49:37.056585369-05:00
DOGE-USD,0.463765635,1,bid,0.46114309,0.00565489,2024-12-08T13:50:37.258530138-05:00
DOGE-USD,0.463241315,1,bid,0.460626,0.00564569,2024-12-08T13:51:37.40472619-05:00
DOGE-USD,0.46326508,1,bid,0.46066969,0.00560239,2024-12-08T13:52:37.572623509-05:00
DOGE-USD,0.46321836,1,bid,0.4606141,0.0056221,2024-12-08T13:53:37.718370075-05:00
DOGE-USD,0.463014245,1,bid,0.46044097,0.00555766,2024-12-08T13:54:37.866895239-05:00
DOGE-USD,0.46312453,1,bid,0.46051072,0.00564386,2024-12-08T13:55:38.020014752-05:00
DOGE-USD,0.46287011,1,bid,0.46029969,0.00555322,2024-12-08T13:56:38.170224451-05:00
DOGE-USD,0.463086215,1,bid,0.46051453,0.00555336,2024-12-08T13:57:38.326472803-05:00
DOGE-USD,0.46318232,1,bid,0.46059613,0.00558352,2024-12-08T13:58:38.464136404-05:00
DOGE-USD,0.462614285,1,bid,0.46006702,0.00550624,2024-12-08T13:59:38.638744386-05:00
DOGE-USD,0.46229041,1,bid,0.45970719,0.00558787,2024-12-08T14:00:38.807440059-05:00
DOGE-USD,0.462967605,1,bid,0.46034769,0.00565896,2024-12-08T14:01:38.961851701-05:00
DOGE-USD,0.46401426,1,bid,0.4613837,0.00566914,2024-12-08T14:02:39.101828666-05:00
DOGE-USD,0.46383523,1,bid,0.46124646,0.00558123,2024-12-08T14:03:39.243967452-05:00
DOGE-USD,0.4645383,1,bid,0.46193059,0.00561355,2024-12-08T14:04:39.413470495-05:00
DOGE-USD,0.46401619,1,bid,0.46142546,0.00558328,2024-12-08T14:05:39.556535901-05:00
DOGE-USD,0.46384029,1,bid,0.46124846,0.00558776,2024-12-08T14:06:39.692256437-05:00
DOGE-USD,0.46344011,1,bid,0.46086655,0.00555317,2024-12-08T14:07:39.827450119-05:00
DOGE-USD,0.462862305,1,bid,0.46031808,0.00549672,2024-12-08T14:08:39.971241376-05:00
DOGE-USD,0.46336356,1,bid,0.46076757,0.00560249,2024-12-08T14:09:40.121540256-05:00
DOGE-USD,0.464077875,1,bid,0.46146839,0.00562295,2024-12-08T14:10:40.274283638-05:00
DOGE-USD,0.463967245,1,bid,0.46138171,0.00557267,2024-12-08T14:11:40.406103981-05:00
DOGE-USD,0.462868705,1,bid,0.460259,0.00563811,2024-12-08T14:12:40.551488274-05:00
DOGE-USD,0.462474275,1,bid,0.45989011,0.00558769,2024-12-08T14:13:40.702927919-05:00
DOGE-USD,0.462438095,1,bid,0.4598545,0.0055869,2024-12-08T14:14:41.463923069-05:00
DOGE-USD,0.46267929,1,bid,0.46008899,0.00559848,2024-12-08T14:15:41.605125524-05:00
DOGE-USD,0.462538955,1,bid,0.45996156,0.00557228,2024-12-08T14:16:41.742687549-05:00
DOGE-USD,0.461423185,1,bid,0.45885378,0.00556843,2024-12-08T14:17:41.88939343-05:00
DOGE-USD,0.46264777,1,bid,0.4601199,0.00546392,2024-12-08T14:18:43.048867845-05:00
DOGE-USD,0.46290983,1,bid,0.46035336,0.00552261,2024-12-08T14:19:43.194840273-05:00
DOGE-USD,0.463393975,1,bid,0.460858,0.00547261,2024-12-08T14:20:43.350656002-05:00
DOGE-USD,0.463632805,1,bid,0.46106941,0.00552893,2024-12-08T14:21:43.492433269-05:00
DOGE-USD,0.463561685,1,bid,0.46099785,0.00553073,2024-12-08T14:22:43.638672482-05:00
DOGE-USD,0.463632405,1,bid,0.461074,0.00551818,2024-12-08T14:23:43.774200586-05:00
DOGE-USD,0.46339972,1,bid,0.460887,0.00542236,2024-12-08T14:24:43.933805554-05:00
DOGE-USD,0.462826685,1,bid,0.460277,0.00550894,2024-12-08T14:25:44.072347594-05:00
DOGE-USD,0.462544415,1,bid,0.459994,0.00551388,2024-12-08T14:26:44.235847905-05:00
DOGE-USD,0.46231508,1,bid,0.45975272,0.00554245,2024-12-08T14:27:44.384304386-05:00
DOGE-USD,0.461593185,1,bid,0.45903669,0.00553842,2024-12-08T14:28:44.530167892-05:00
DOGE-USD,0.461783535,1,bid,0.459231,0.00552756,2024-12-08T14:29:44.681893349-05:00
DOGE-USD,0.462385735,1,bid,0.45985217,0.00547933,2024-12-08T14:30:44.835256624-05:00
DOGE-USD,0.463064785,1,bid,0.460532,0.00546961,2024-12-08T14:31:44.989777384-05:00
DOGE-USD,0.463807065,1,bid,0.46123848,0.00553805,2024-12-08T14:32:45.147933472-05:00
DOGE-USD,0.464120995,1,bid,0.46153684,0.00556785,2024-12-08T14:33:45.529154283-05:00
DOGE-USD,0.463715085,1,bid,0.46112908,0.00557671,2024-12-08T14:34:45.671742719-05:00
DOGE-USD,0.46402011,1,bid,0.46145728,0.0055231,2024-12-08T14:35:45.830834104-05:00
DOGE-USD,0.464214035,1,bid,0.46163629,0.00555292,2024-12-08T14:36:45.991023596-05:00
DOGE-USD,0.4645888,1,bid,0.46203,0.00550767,2024-12-08T14:37:46.170612537-05:00
DOGE-USD,0.4656094,1,bid,0.463056,0.005484,2024-12-08T14:38:46.317357429-05:00
DOGE-USD,0.46556011,1,bid,0.46298884,0.00552296,2024-12-08T14:39:46.479809006-05:00
DOGE-USD,0.46565011,1,bid,0.46307834,0.00552297,2024-12-08T14:40:46.640651261-05:00
DOGE-USD,0.464489345,1,bid,0.46190481,0.00556425,2024-12-08T14:41:46.775577564-05:00
DOGE-USD,0.46502506,1,bid,0.462465,0.00550521,2024-12-08T14:42:46.928186979-05:00
DOGE-USD,0.465034765,1,bid,0.46245773,0.0055416,2024-12-08T14:43:47.080294631-05:00
DOGE-USD,0.46490903,1,bid,0.46233245,0.00554212,2024-12-08T14:44:47.230231222-05:00
DOGE-USD,0.465017135,1,bid,0.462452,0.00551622,2024-12-08T14:45:47.381342982-05:00
DOGE-USD,0.465396225,1,bid,0.462832,0.00550977,2024-12-08T14:46:47.529023815-05:00
DOGE-USD,0.46563734,1,bid,0.46307834,0.00549569,2024-12-08T14:47:47.630285821-05:00
DOGE-USD,0.46537717,1,bid,0.462814,0.00550773,2024-12-08T14:48:47.781527998-05:00
DOGE-USD,0.464905085,1,bid,0.4623424,0.00551228,2024-12-08T14:49:47.925897106-05:00
DOGE-USD,0.464948385,1,bid,0.462381,0.00552187,2024-12-08T14:50:48.071611196-05:00
DOGE-USD,0.464132825,1,bid,0.46171585,0.00520751,2024-12-08T14:51:48.210140783-05:00
DOGE-USD,0.46443586,1,bid,0.46199432,0.005257,2024-12-08T14:52:48.346418413-05:00
DOGE-USD,0.46411662,1,bid,0.46166214,0.0052885,2024-12-08T14:53:48.495373175-05:00
DOGE-USD,0.464058025,1,bid,0.46155275,0.00539862,2024-12-08T14:54:48.641801578-05:00
DOGE-USD,0.46413679,1,bid,0.46165618,0.00534457,2024-12-08T14:55:48.788473399-05:00
DOGE-USD,0.46424993,1,bid,0.4617775,0.00532564,2024-12-08T14:56:48.936224415-05:00
DOGE-USD,0.464652025,1,bid,0.46214145,0.00540313,2024-12-08T14:57:49.087904854-05:00
DOGE-USD,0.464914375,1,bid,0.46238605,0.00543826,2024-12-08T14:58:49.239468832-05:00
DOGE-USD,0.46518769,1,bid,0.46266658,0.00541955,2024-12-08T14:59:49.390271553-05:00
DOGE-USD,0.465645535,1,bid,0.46311007,0.00544505,2024-12-08T15:00:49.543179854-05:00
DOGE-USD,0.46545508,1,bid,0.46288938,0.00551224,2024-12-08T15:01:49.712838398-05:00
DOGE-USD,0.46572011,1,bid,0.46314796,0.00552295,2024-12-08T15:02:49.891633899-05:00
DOGE-USD,0.4645353,1,bid,0.46197443,0.00551276,2024-12-08T15:03:50.066364473-05:00
DOGE-USD,0.464444355,1,bid,0.46192071,0.00543369,2024-12-08T15:04:50.261821097-05:00
DOGE-USD,0.464183605,1,bid,0.46162634,0.00550917,2024-12-08T15:05:50.426859854-05:00
DOGE-USD,0.46426259,1,bid,0.46170986,0.00549846,2024-12-08T15:06:50.646024301-05:00
DOGE-USD,0.463821665,1,bid,0.46126033,0.00552224,2024-12-08T15:07:50.826012734-05:00
DOGE-USD,0.46342525,1,bid,0.4608765,0.00549981,2024-12-08T15:08:51.005198373-05:00
DOGE-USD,0.463309665,1,bid,0.46075919,0.0055049,2024-12-08T15:09:51.199856094-05:00
DOGE-USD,0.46368198,1,bid,0.46115696,0.00544559,2024-12-08T15:10:51.360684686-05:00
DOGE-USD,0.463587805,1,bid,0.46104361,0.00548805,2024-12-08T15:11:51.529139203-05:00
DOGE-USD,0.46337997,1,bid,0.46082281,0.00551849,2024-12-08T15:12:51.711346731-05:00
DOGE-USD,0.463039925,1,bid,0.46052053,0.00544099,2024-12-08T15:13:51.884928127-05:00
DOGE-USD,0.4628368,1,bid,0.46027998,0.00552424,2024-12-08T15:14:52.055760855-05:00
DOGE-USD,0.462472725,1,bid,0.459907,0.00554784,2024-12-08T15:15:52.240919682-05:00
DOGE-USD,0.46245652,1,bid,0.45989404,0.00554102,2024-12-08T15:16:52.366551724-05:00
DOGE-USD,0.462719645,1,bid,0.46018629,0.00547492,2024-12-08T15:17:52.546030369-05:00
DOGE-USD,0.462986325,1,bid,0.46048265,0.00540767,2024-12-08T15:18:52.70925938-05:00
DOGE-USD,0.463326835,1,bid,0.46084067,0.0053659,2024-12-08T15:19:52.907782015-05:00
DOGE-USD,0.463063155,1,bid,0.46054831,0.00543089,2024-12-08T15:20:53.087141131-05:00
DOGE-USD,0.46277432,1,bid,0.46026277,0.00542716,2024-12-08T15:21:54.320309653-05:00
DOGE-USD,0.46268209,1,bid,0.46020418,0.00535553,2024-12-08T15:22:54.521462038-05:00
DOGE-USD,0.46278937,1,bid,0.46026774,0.00544876,2024-12-08T15:23:54.691175723-05:00
DOGE-USD,0.462730005,1,bid,0.46021501,0.00543512,2024-12-08T15:24:54.886610265-05:00
DOGE-USD,0.463197195,1,bid,0.46072539,0.0053364,2024-12-08T15:25:55.014348161-05:00
DOGE-USD,0.46314688,1,bid,0.46065376,0.005383,2024-12-08T15:26:55.245653191-05:00
DOGE-USD,0.46323522,1,bid,0.46070144,0.00546975,2024-12-08T15:27:55.413377905-05:00
DOGE-USD,0.463162405,1,bid,0.46064281,0.00543998,2024-12-08T15:28:55.653874677-05:00
DOGE-USD,0.463220245,1,bid,0.46069149,0.00545908,2024-12-08T15:29:55.852515294-05:00
DOGE-USD,0.46249764,1,bid,0.45996728,0.00547108,2024-12-08T15:30:56.020161396-05:00
DOGE-USD,0.462373995,1,bid,0.45987599,0.00540256,2024-12-08T15:31:56.228279602-05:00
DOGE-USD,0.46225685,1,bid,0.4597467,0.00543021,2024-12-08T15:32:56.396916582-05:00
DOGE-USD,0.4624318,1,bid,0.4599456,0.00537636,2024-12-08T15:33:56.609128377-05:00
DOGE-USD,0.462570865,1,bid,0.46010473,0.00533137,2024-12-08T15:34:56.825826904-05:00
DOGE-USD,0.462451225,1,bid,0.45993545,0.00544009,2024-12-08T15:35:56.988091329-05:00
DOGE-USD,0.462618965,1,bid,0.46009893,0.00544732,2024-12-08T15:36:57.148268236-05:00
DOGE-USD,0.461900225,1,bid,0.45942845,0.00535132,2024-12-08T15:37:57.323002402-05:00
DOGE-USD,0.462287385,1,bid,0.4597112,0.00557269,2024-12-08T15:38:57.498622571-05:00
DOGE-USD,0.46240779,1,bid,0.45985217,0.00552677,2024-12-08T15:39:57.660773346-05:00
DOGE-USD,0.461747375,1,bid,0.45917414,0.00557282,2024-12-08T15:40:58.070499355-05:00
DOGE-USD,0.46178141,1,bid,0.45921782,0.00555152,2024-12-08T15:41:58.250847991-05:00
DOGE-USD,0.462113235,1,bid,0.45960747,0.0054224,2024-12-08T15:42:58.46651544-05:00
DOGE-USD,0.46238325,1,bid,0.4598561,0.00546549,2024-12-08T15:43:58.631225133-05:00
DOGE-USD,0.462281425,1,bid,0.45973885,0.00550006,2024-12-08T15:44:58.807492033-05:00
DOGE-USD,0.4622282,1,bid,0.4596614,0.0055531,2024-12-08T15:45:58.989538267-05:00
DOGE-USD,0.46176933,1,bid,0.45919794,0.00556856,2024-12-08T15:46:59.168402475-05:00
DOGE-USD,0.461655085,1,bid,0.45908251,0.0055725,2024-12-08T15:47:59.368839701-05:00
DOGE-USD,0.46129935,1,bid,0.45873055,0.00556862,2024-12-08T15:48:59.593613355-05:00
DOGE-USD,0.46195843,1,bid,0.45940074,0.00553662,2024-12-08T15:49:59.787185228-05:00
DOGE-USD,0.462545895,1,bid,0.45996156,0.0055872,2024-12-08T15:51:00.005117921-05:00
DOGE-USD,0.46241864,1,bid,0.4598416,0.00557296,2024-12-08T15:52:00.162737533-05:00
DOGE-USD,0.46233011,1,bid,0.45977654,0.00552326,2024-12-08T15:53:00.609571363-05:00
DOGE-USD,0.46203815,1,bid,0.45948421,0.00552755,2024-12-08T15:54:00.882582658-05:00
DOGE-USD,0.462043495,1,bid,0.45945468,0.00560297,2024-12-08T15:55:01.020931219-05:00
DOGE-USD,0.46158819,1,bid,0.45906048,0.00547611,2024-12-08T15:56:01.163423395-05:00
DOGE-USD,0.46110433,1,bid,0.45854161,0.00555779,2024-12-08T15:57:01.313266563-05:00
DOGE-USD,0.460695215,1,bid,0.45818143,0.0054565,2024-12-08T15:58:01.482728346-05:00
DOGE-USD,0.460610785,1,bid,0.45808417,0.00548536,2024-12-08T15:59:01.637836099-05:00
DOGE-USD,0.460352885,1,bid,0.45781347,0.00551624,2024-12-08T16:00:01.788607931-05:00
DOGE-USD,0.460823385,1,bid,0.45826317,0.00555574,2024-12-08T16:01:01.935625385-05:00
DOGE-USD,0.460946505,1,bid,0.45837691,0.00557461,2024-12-08T16:02:02.100943798-05:00
DOGE-USD,0.46088182,1,bid,0.45832284,0.00555236,2024-12-08T16:03:02.261585576-05:00
DOGE-USD,0.460993195,1,bid,0.45844,0.00553847,2024-12-08T16:04:02.414530075-05:00
DOGE-USD,0.46127936,1,bid,0.45871067,0.00556862,2024-12-08T16:05:02.577648015-05:00
DOGE-USD,0.46101628,1,bid,0.45842834,0.00561355,2024-12-08T16:06:02.730937682-05:00
DOGE-USD,0.46081583,1,bid,0.45828524,0.00549154,2024-12-08T16:07:02.876871792-05:00
DOGE-USD,0.460436135,1,bid,0.45792507,0.00545367,2024-12-08T16:08:03.021924484-05:00
DOGE-USD,0.460674355,1,bid,0.45811401,0.00555782,2024-12-08T16:09:03.160077978-05:00
DOGE-USD,0.46074508,1,bid,0.45820519,0.00551257,2024-12-08T16:10:03.315412139-05:00
DOGE-USD,0.46091085,1,bid,0.45834443,0.00556815,2024-12-08T16:11:03.453194113-05:00
DOGE-USD,0.460290995,1,bid,0.45773999,0.00554216,2024-12-08T16:12:03.587799945-05:00
DOGE-USD,0.4598677,1,bid,0.45730018,0.00558317,2024-12-08T16:13:03.75027624-05:00
DOGE-USD,0.459854385,1,bid,0.45729857,0.00555788,2024-12-08T16:14:03.897876708-05:00
DOGE-USD,0.45981633,1,bid,0.4572604,0.00555859,2024-12-08T16:15:04.062228778-05:00
DOGE-USD,0.46006323,1,bid,0.45751735,0.00553376,2024-12-08T16:16:04.186656491-05:00
DOGE-USD,0.460011985,1,bid,0.45744165,0.00558754,2024-12-08T16:17:04.34390215-05:00
DOGE-USD,0.46050222,1,bid,0.45794662,0.00554959,2024-12-08T16:18:04.485190816-05:00
DOGE-USD,0.460881485,1,bid,0.45832672,0.00554321,2024-12-08T16:19:04.588076433-05:00
DOGE-USD,0.46071467,1,bid,0.45814603,0.00557534,2024-12-08T16:20:04.729068673-05:00
DOGE-USD,0.46092059,1,bid,0.45837426,0.00552444,2024-12-08T16:21:04.877703786-05:00
DOGE-USD,0.461458125,1,bid,0.4589113,0.00551908,2024-12-08T16:22:05.014503459-05:00
DOGE-USD,0.461062,1,bid,0.4585135,0.00552746,2024-12-08T16:23:05.17780349-05:00
DOGE-USD,0.461158915,1,bid,0.458603,0.00554237,2024-12-08T16:24:05.313611613-05:00
DOGE-USD,0.461211555,1,bid,0.45864106,0.00557335,2024-12-08T16:25:05.461706029-05:00
DOGE-USD,0.46137011,1,bid,0.4588218,0.00552335,2024-12-08T16:26:05.604422489-05:00
DOGE-USD,0.46145011,1,bid,0.45890136,0.00552335,2024-12-08T16:27:05.739372817-05:00
DOGE-USD,0.461537035,1,bid,0.45898092,0.00553827,2024-12-08T16:28:05.886683052-05:00
DOGE-USD,0.461402,1,bid,0.45885163,0.00552744,2024-12-08T16:29:06.033885212-05:00
DOGE-USD,0.46172442,1,bid,0.45919971,0.005468,2024-12-08T16:30:06.178603705-05:00
DOGE-USD,0.462657135,1,bid,0.46012462,0.00547385,2024-12-08T16:31:06.326985053-05:00
DOGE-USD,0.462445085,1,bid,0.45989588,0.00551245,2024-12-08T16:32:06.472472492-05:00
DOGE-USD,0.46258136,1,bid,0.46003326,0.00550844,2024-12-08T16:33:06.629743613-05:00
DOGE-USD,0.46288094,1,bid,0.46030363,0.00556798,2024-12-08T16:34:06.767279686-05:00
DOGE-USD,0.46309011,1,bid,0.46051848,0.0055532,2024-12-08T16:35:06.917574786-05:00
DOGE-USD,0.463988125,1,bid,0.46140955,0.00555742,2024-12-08T16:36:07.071565319-05:00
DOGE-USD,0.463530325,1,bid,0.46106545,0.00531761,2024-12-08T16:37:07.164097426-05:00
DOGE-USD,0.463732245,1,bid,0.46124049,0.00537326,2024-12-08T16:38:07.335021217-05:00
DOGE-USD,0.463749515,1,bid,0.46121863,0.00545744,2024-12-08T16:39:07.501250523-05:00
DOGE-USD,0.46387772,1,bid,0.46132404,0.00550507,2024-12-08T16:40:07.653315308-05:00
DOGE-USD,0.463945835,1,bid,0.46142347,0.00543677,2024-12-08T16:41:07.80550846-05:00
DOGE-USD,0.464362525,1,bid,0.46182525,0.005464,2024-12-08T16:42:07.958564418-05:00
DOGE-USD,0.464411115,1,bid,0.46186503,0.00548239,2024-12-08T16:43:08.09588139-05:00
DOGE-USD,0.463935895,1,bid,0.46136977,0.00553121,2024-12-08T16:44:08.231504432-05:00
DOGE-USD,0.464721075,1,bid,0.46214145,0.00555091,2024-12-08T16:45:08.374345543-05:00
DOGE-USD,0.46437998,1,bid,0.46181347,0.00552675,2024-12-08T16:46:08.482013383-05:00
DOGE-USD,0.4640085,1,bid,0.46143951,0.00553651,2024-12-08T16:47:08.631789334-05:00
DOGE-USD,0.465034805,1,bid,0.46250152,0.00544752,2024-12-08T16:48:08.772273074-05:00
DOGE-USD,0.46495508,1,bid,0.46239212,0.00551227,2024-12-08T16:49:08.927776859-05:00
DOGE-USD,0.46425391,1,bid,0.46170591,0.00548838,2024-12-08T16:50:09.070912946-05:00
DOGE-USD,0.46455954,1,bid,0.462144,0.00519963,2024-12-08T16:51:09.219646433-05:00
DOGE-USD,0.46433736,1,bid,0.46177552,0.0055172,2024-12-08T16:52:09.391716274-05:00
DOGE-USD,0.46358508,1,bid,0.46102963,0.00551236,2024-12-08T16:53:09.539768303-05:00
DOGE-USD,0.463607265,1,bid,0.46102372,0.0055727,2024-12-08T16:54:09.679763411-05:00
DOGE-USD,0.4637062,1,bid,0.4611311,0.0055533,2024-12-08T16:55:09.81651593-05:00
DOGE-USD,0.46356011,1,bid,0.4609998,0.00552315,2024-12-08T16:56:09.920496344-05:00
DOGE-USD,0.4637403,1,bid,0.46114903,0.00558776,2024-12-08T16:57:10.065481976-05:00
DOGE-USD,0.46458904,1,bid,0.462046,0.00547374,2024-12-08T16:58:10.211266519-05:00
DOGE-USD,0.464670175,1,bid,0.4621236,0.00548039,2024-12-08T16:59:10.365314324-05:00
DOGE-USD,0.464346375,1,bid,0.46182827,0.0054229,2024-12-08T17:00:10.512898243-05:00
DOGE-USD,0.463407195,1,bid,0.4608464,0.00552601,2024-12-08T17:01:10.678319173-05:00
DOGE-USD,0.46374497,1,bid,0.4611868,0.00551633,2024-12-08T17:02:10.830866557-05:00
DOGE-USD,0.46330603,1,bid,0.4607393,0.00554003,2024-12-08T17:03:10.928745873-05:00
DOGE-USD,0.463924515,1,bid,0.46137771,0.0054897,2024-12-08T17:04:11.061236278-05:00
DOGE-USD,0.463825905,1,bid,0.46127429,0.00550123,2024-12-08T17:05:11.210317783-05:00
DOGE-USD,0.463285085,1,bid,0.46073128,0.00551238,2024-12-08T17:06:11.364456595-05:00
DOGE-USD,0.46346918,1,bid,0.46091848,0.00550349,2024-12-08T17:07:11.502870827-05:00
DOGE-USD,0.463936065,1,bid,0.46135149,0.00557097,2024-12-08T17:08:11.663367856-05:00
DOGE-USD,0.46340569,1,bid,0.460882,0.00544596,2024-12-08T17:09:11.816276987-05:00
DOGE-USD,0.463320195,1,bid,0.4607315,0.00558727,2024-12-08T17:10:11.971150688-05:00
DOGE-USD,0.4630584,1,bid,0.460513,0.00549693,2024-12-08T17:11:12.127196647-05:00
DOGE-USD,0.46259186,1,bid,0.46006,0.0054732,2024-12-08T17:12:12.265134128-05:00
DOGE-USD,0.462725085,1,bid,0.46020418,0.00544795,2024-12-08T17:13:12.409767202-05:00
DOGE-USD,0.46268623,1,bid,0.46010287,0.0055834,2024-12-08T17:14:12.576164863-05:00
DOGE-USD,0.46286482,1,bid,0.46030964,0.00552036,2024-12-08T17:15:12.719420863-05:00
DOGE-USD,0.462845085,1,bid,0.46029369,0.00551242,2024-12-08T17:16:12.875062714-05:00
DOGE-USD,0.46310756,1,bid,0.46054042,0.00554329,2024-12-08T17:17:13.022904411-05:00
DOGE-USD,0.463809555,1,bid,0.46125641,0.00550473,2024-12-08T17:18:13.16213838-05:00
DOGE-USD,0.464167515,1,bid,0.46159783,0.00553612,2024-12-08T17:19:13.309878023-05:00
DOGE-USD,0.46398672,1,bid,0.46141154,0.00555012,2024-12-08T17:20:13.452431671-05:00
DOGE-USD,0.46385382,1,bid,0.46125541,0.00560179,2024-12-08T17:21:13.600950014-05:00
DOGE-USD,0.464002565,1,bid,0.46144733,0.00550694,2024-12-08T17:22:13.754059829-05:00
DOGE-USD,0.463825165,1,bid,0.46125843,0.00553384,2024-12-08T17:23:13.920863284-05:00
DOGE-USD,0.46378117,1,bid,0.46119674,0.00557252,2024-12-08T17:24:14.055029687-05:00
DOGE-USD,0.463687265,1,bid,0.46110328,0.00557269,2024-12-08T17:25:14.196565932-05:00
DOGE-USD,0.46371687,1,bid,0.46116249,0.00550849,2024-12-08T17:26:14.355795976-05:00
DOGE-USD,0.46404508,1,bid,0.46148711,0.00551233,2024-12-08T17:27:14.510437821-05:00
DOGE-USD,0.46478811,1,bid,0.46221906,0.00552736,2024-12-08T17:28:14.659779762-05:00
DOGE-USD,0.46479811,1,bid,0.46221506,0.00555736,2024-12-08T17:29:14.820180554-05:00
DOGE-USD,0.46485334,1,bid,0.4622853,0.00552441,2024-12-08T17:30:14.972829457-05:00
DOGE-USD,0.463970895,1,bid,0.46140139,0.00553807,2024-12-08T17:31:15.126745267-05:00
DOGE-USD,0.464034685,1,bid,0.46147717,0.00551147,2024-12-08T17:32:15.265316651-05:00
DOGE-USD,0.464108945,1,bid,0.4615428,0.00552919,2024-12-08T17:33:15.399374131-05:00
DOGE-USD,0.46448115,1,bid,0.46190678,0.00554246,2024-12-08T17:34:15.538775552-05:00
DOGE-USD,0.463866195,1,bid,0.46129021,0.00555329,2024-12-08T17:35:15.691934249-05:00
DOGE-USD,0.463334935,1,bid,0.46076518,0.00554621,2024-12-08T17:36:15.866309512-05:00
DOGE-USD,0.463299385,1,bid,0.46074326,0.00551722,2024-12-08T17:37:16.035674311-05:00
DOGE-USD,0.463440565,1,bid,0.4608904,0.00550268,2024-12-08T17:38:16.196592027-05:00
DOGE-USD,0.464251075,1,bid,0.46168799,0.0055209,2024-12-08T17:39:16.345875881-05:00
DOGE-USD,0.4640342,1,bid,0.46145529,0.00555759,2024-12-08T17:40:16.501399273-05:00
DOGE-USD,0.4639717,1,bid,0.46140756,0.0055265,2024-12-08T17:41:16.661833561-05:00
DOGE-USD,0.464572445,1,bid,0.46206189,0.00540401,2024-12-08T17:42:16.811941819-05:00
DOGE-USD,0.46452469,1,bid,0.46199424,0.0054474,2024-12-08T17:43:16.952576358-05:00
DOGE-USD,0.46424294,1,bid,0.46170448,0.00546796,2024-12-08T17:44:17.109852483-05:00
DOGE-USD,0.46443507,1,bid,0.4619247,0.00540521,2024-12-08T17:45:17.261573466-05:00
DOGE-USD,0.46441375,1,bid,0.46187099,0.0054752,2024-12-08T17:46:17.408263161-05:00
DOGE-USD,0.46373634,1,bid,0.46117088,0.00553215,2024-12-08T17:47:17.559039214-05:00
DOGE-USD,0.463949585,1,bid,0.46140358,0.00548768,2024-12-08T17:48:17.719590437-05:00
DOGE-USD,0.464093695,1,bid,0.46153406,0.00551534,2024-12-08T17:49:17.814686277-05:00
DOGE-USD,0.463925085,1,bid,0.46136777,0.00551234,2024-12-08T17:50:17.924202096-05:00
DOGE-USD,0.46416812,1,bid,0.46160247,0.00552742,2024-12-08T17:51:18.068283855-05:00
DOGE-USD,0.464104195,1,bid,0.4615249,0.00555758,2024-12-08T17:52:18.196685821-05:00
DOGE-USD,0.46403812,1,bid,0.46147319,0.00552741,2024-12-08T17:53:18.343532695-05:00
DOGE-USD,0.4647988,1,bid,0.46221906,0.00555023,2024-12-08T17:54:18.483132726-05:00
DOGE-USD,0.465017685,1,bid,0.46243689,0.00554989,2024-12-08T17:55:18.625300069-05:00
DOGE-USD,0.465523955,1,bid,0.46294892,0.00553148,2024-12-08T17:56:18.760379776-05:00
DOGE-USD,0.465733025,1,bid,0.46313801,0.00557189,2024-12-08T17:57:18.899435932-05:00
DOGE-USD,0.466028075,1,bid,0.46339847,0.00564259,2024-12-08T17:58:19.033129867-05:00
DOGE-USD,0.465901075,1,bid,0.46330708,0.00556769,2024-12-08T17:59:19.187639622-05:00
DOGE-USD,0.465743595,1,bid,0.46313682,0.00559702,2024-12-08T18:00:19.34458617-05:00
DOGE-USD,0.46516283,1,bid,0.46255296,0.00561066,2024-12-08T18:01:19.515103839-05:00
DOGE-USD,0.46462408,1,bid,0.46203606,0.00557014,2024-12-08T18:02:19.662565574-05:00
DOGE-USD,0.46425072,1,bid,0.46169342,0.00550845,2024-12-08T18:03:19.800981675-05:00
DOGE-USD,0.46446916,1,bid,0.46190082,0.00552962,2024-12-08T18:04:19.943519241-05:00
DOGE-USD,0.463777325,1,bid,0.46119291,0.00557253,2024-12-08T18:05:20.08196288-05:00
DOGE-USD,0.463790595,1,bid,0.46145719,0.00503116,2024-12-08T18:06:20.452509989-05:00
DOGE-USD,0.46369052,1,bid,0.46131804,0.00511652,2024-12-08T18:07:20.589902727-05:00
DOGE-USD,0.464639705,1,bid,0.46209547,0.00547572,2024-12-08T18:08:20.735299346-05:00
DOGE-USD,0.46441369,1,bid,0.46182517,0.00557374,2024-12-08T18:09:20.861650143-05:00
DOGE-USD,0.464058635,1,bid,0.461501,0.00551145,2024-12-08T18:10:21.010824668-05:00
DOGE-USD,0.464214035,1,bid,0.46163629,0.00555292,2024-12-08T18:11:21.151436853-05:00
DOGE-USD,0.463257195,1,bid,0.460719,0.00547902,2024-12-08T18:12:21.297379701-05:00
DOGE-USD,0.46382999,1,bid,0.46127041,0.00551836,2024-12-08T18:13:21.456986167-05:00
DOGE-USD,0.464431895,1,bid,0.46186679,0.0055231,2024-12-08T18:14:21.626893041-05:00
DOGE-USD,0.46532805,1,bid,0.4627601,0.00551858,2024-12-08T18:15:21.776800533-05:00
DOGE-USD,0.46486162,1,bid,0.46225289,0.00561184,2024-12-08T18:16:21.923960312-05:00
DOGE-USD,0.46462315,1,bid,0.46205399,0.00552956,2024-12-08T18:17:22.083632603-05:00
DOGE-USD,0.464045965,1,bid,0.46146722,0.00555709,2024-12-08T18:18:22.254975201-05:00
DOGE-USD,0.46389517,1,bid,0.461383,0.00541538,2024-12-08T18:19:22.399666197-05:00
DOGE-USD,0.464640745,1,bid,0.46207583,0.00552021,2024-12-08T18:20:22.550143854-05:00
DOGE-USD,0.466038325,1,bid,0.46347615,0.00549778,2024-12-08T18:21:22.680705317-05:00
DOGE-USD,0.465714975,1,bid,0.46318013,0.00544291,2024-12-08T18:22:22.836239927-05:00
DOGE-USD,0.46642986,1,bid,0.46389991,0.00542407,2024-12-08T18:23:23.006573847-05:00
DOGE-USD,0.46612318,1,bid,0.46353007,0.00556314,2024-12-08T18:24:23.154764068-05:00
DOGE-USD,0.46598814,1,bid,0.4634226,0.00550559,2024-12-08T18:25:23.321259847-05:00
DOGE-USD,0.46571875,1,bid,0.4631298,0.00555904,2024-12-08T18:26:23.466148228-05:00
DOGE-USD,0.46513889,1,bid,0.462799,0.00503052,2024-12-08T18:27:23.61979035-05:00
DOGE-USD,0.46478915,1,bid,0.462409,0.00512092,2024-12-08T18:28:23.778404171-05:00
DOGE-USD,0.46421686,1,bid,0.4616164,0.00560182,2024-12-08T18:29:23.924919293-05:00
DOGE-USD,0.464412135,1,bid,0.461812,0.00559877,2024-12-08T18:30:24.072902069-05:00
DOGE-USD,0.464045695,1,bid,0.46147907,0.00553097,2024-12-08T18:31:24.239413001-05:00
DOGE-USD,0.463638015,1,bid,0.461134,0.0054008,2024-12-08T18:32:24.393213321-05:00
DOGE-USD,0.46408403,1,bid,0.461507,0.00555294,2024-12-08T18:33:24.538726547-05:00
DOGE-USD,0.46453011,1,bid,0.46196448,0.00552307,2024-12-08T18:34:24.705636925-05:00
DOGE-USD,0.46494263,1,bid,0.46233997,0.00559781,2024-12-08T18:35:24.931333019-05:00
DOGE-USD,0.464374225,1,bid,0.46176558,0.00561755,2024-12-08T18:36:25.111396526-05:00
DOGE-USD,0.46452902,1,bid,0.46195454,0.00554213,2024-12-08T18:37:25.317414311-05:00
DOGE-USD,0.464423195,1,bid,0.46190765,0.00541649,2024-12-08T18:38:25.492998908-05:00
DOGE-USD,0.464411475,1,bid,0.46184011,0.00553682,2024-12-08T18:39:25.659732813-05:00
DOGE-USD,0.464032925,1,bid,0.46144733,0.00557201,2024-12-08T18:40:25.875283011-05:00
DOGE-USD,0.463919,1,bid,0.46134788,0.00554217,2024-12-08T18:41:26.008233791-05:00
DOGE-USD,0.464469915,1,bid,0.46187497,0.0055869,2024-12-08T18:42:26.1833531-05:00
DOGE-USD,0.464148175,1,bid,0.46157264,0.00554895,2024-12-08T18:43:26.373077204-05:00
DOGE-USD,0.46421884,1,bid,0.46164359,0.00554749,2024-12-08T18:44:26.547469504-05:00
DOGE-USD,0.46449837,1,bid,0.46189166,0.00561188,2024-12-08T18:45:26.727118301-05:00
DOGE-USD,0.46498406,1,bid,0.46240207,0.00555286,2024-12-08T18:46:26.927561977-05:00
DOGE-USD,0.464879615,1,bid,0.46228273,0.00558615,2024-12-08T18:47:27.097207229-05:00
DOGE-USD,0.464925195,1,bid,0.46233039,0.00558112,2024-12-08T18:48:27.304180898-05:00
DOGE-USD,0.465915085,1,bid,0.46331891,0.00557221,2024-12-08T18:49:27.492946205-05:00
DOGE-USD,0.467464135,1,bid,0.46486848,0.00555263,2024-12-08T18:50:27.67788015-05:00
DOGE-USD,0.467563475,1,bid,0.46496155,0.00556486,2024-12-08T18:51:27.872082176-05:00
DOGE-USD,0.467567385,1,bid,0.4650509,0.00538208,2024-12-08T18:52:28.049244357-05:00
DOGE-USD,0.467463365,1,bid,0.4649236,0.00543308,2024-12-08T18:53:28.276816563-05:00
DOGE-USD,0.46773262,1,bid,0.46510716,0.00561316,2024-12-08T18:54:28.479459305-05:00
DOGE-USD,0.467880475,1,bid,0.4652505,0.00562104,2024-12-08T18:55:28.687539102-05:00
DOGE-USD,0.4674477,1,bid,0.464926,0.00539461,2024-12-08T18:56:28.926372732-05:00
DOGE-USD,0.46783468,1,bid,0.46521656,0.00559625,2024-12-08T18:57:29.098075652-05:00
DOGE-USD,0.46692524,1,bid,0.46431155,0.00559766,2024-12-08T18:58:29.272697124-05:00
DOGE-USD,0.46703895,1,bid,0.46448966,0.00545841,2024-12-08T18:59:29.458713656-05:00
DOGE-USD,0.467161315,1,bid,0.46455023,0.00558926,2024-12-08T19:00:29.685638575-05:00
DOGE-USD,0.46694354,1,bid,0.4643613,0.00553009,2024-12-08T19:01:29.875734627-05:00
DOGE-USD,0.46497577,1,bid,0.46243036,0.00547429,2024-12-08T19:02:30.112164548-05:00
DOGE-USD,0.463345645,1,bid,0.46074122,0.00562091,2024-12-08T19:03:30.291769922-05:00
DOGE-USD,0.464648695,1,bid,0.46206393,0.00556284,2024-12-08T19:04:30.50270663-05:00
DOGE-USD,0.46316011,1,bid,0.46060199,0.00552319,2024-12-08T19:05:30.665083981-05:00
DOGE-USD,0.463176375,1,bid,0.460623,0.00551275,2024-12-08T19:06:30.83511878-05:00
DOGE-USD,0.46342118,1,bid,0.46083875,0.00557253,2024-12-08T19:07:31.017057446-05:00
DOGE-USD,0.463415175,1,bid,0.46081886,0.00560257,2024-12-08T19:08:31.22729608-05:00
DOGE-USD,0.46318508,1,bid,0.46060403,0.00557239,2024-12-08T19:09:31.412845969-05:00
DOGE-USD,0.46333599,1,bid,0.46075117,0.00557872,2024-12-08T19:10:31.582660834-05:00
DOGE-USD,0.46332268,1,bid,0.46074721,0.0055587,2024-12-08T19:11:31.768190528-05:00
DOGE-USD,0.46335131,1,bid,0.46079335,0.00552056,2024-12-08T19:12:31.936909776-05:00
DOGE-USD,0.46297533,1,bid,0.46042314,0.00551258,2024-12-08T19:13:32.17201184-05:00
DOGE-USD,0.463604255,1,bid,0.46104016,0.00553078,2024-12-08T19:14:32.344985579-05:00
DOGE-USD,0.463045735,1,bid,0.460457,0.00559067,2024-12-08T19:15:32.511672764-05:00
DOGE-USD,0.461312845,1,bid,0.45873734,0.00558299,2024-12-08T19:16:32.701765432-05:00
DOGE-USD,0.46129009,1,bid,0.45870188,0.00561081,2024-12-08T19:17:32.866654822-05:00
DOGE-USD,0.46121083,1,bid,0.45864278,0.00556806,2024-12-08T19:18:33.082729289-05:00
DOGE-USD,0.46070775,1,bid,0.45813558,0.00558308,2024-12-08T19:19:33.258784421-05:00
DOGE-USD,0.460552115,1,bid,0.458082,0.00536338,2024-12-08T19:20:33.470009977-05:00
DOGE-USD,0.4623947,1,bid,0.4598609,0.00547973,2024-12-08T19:21:33.649702487-05:00
DOGE-USD,0.460965685,1,bid,0.4584189,0.00552489,2024-12-08T19:22:33.858450243-05:00
DOGE-USD,0.461013465,1,bid,0.45843393,0.00559536,2024-12-08T19:23:34.029269004-05:00
DOGE-USD,0.46076361,1,bid,0.45817536,0.00561731,2024-12-08T19:24:34.253320452-05:00
DOGE-USD,0.460615935,1,bid,0.45801624,0.00564395,2024-12-08T19:25:34.431358367-05:00
DOGE-USD,0.459241015,1,bid,0.45663703,0.00567019,2024-12-08T19:26:34.645740143-05:00
DOGE-USD,0.459711115,1,bid,0.4571371,0.0055992,2024-12-08T19:27:34.827642324-05:00
DOGE-USD,0.458508775,1,bid,0.45595438,0.00557109,2024-12-08T19:28:34.990862125-05:00
DOGE-USD,0.459476395,1,bid,0.45689137,0.00562602,2024-12-08T19:29:35.17602596-05:00
DOGE-USD,0.45901734,1,bid,0.45642209,0.00565393,2024-12-08T19:30:35.349064296-05:00
DOGE-USD,0.460301715,1,bid,0.45768977,0.00567442,2024-12-08T19:31:35.582458209-05:00
DOGE-USD,0.460577945,1,bid,0.45800716,0.00558165,2024-12-08T19:32:35.765521547-05:00
DOGE-USD,0.460558115,1,bid,0.45796168,0.00563758,2024-12-08T19:33:35.924396431-05:00
DOGE-USD,0.45769849,1,bid,0.45512218,0.00562884,2024-12-08T19:34:36.116051795-05:00
DOGE-USD,0.458090755,1,bid,0.4555261,0.00559857,2024-12-08T19:35:36.331746993-05:00
DOGE-USD,0.457338615,1,bid,0.454745,0.0056711,2024-12-08T19:36:36.537806702-05:00
DOGE-USD,0.45861172,1,bid,0.455989,0.00571882,2024-12-08T19:37:36.742932986-05:00
DOGE-USD,0.457182,1,bid,0.454565,0.0057242,2024-12-08T19:38:36.915893108-05:00
DOGE-USD,0.456946495,1,bid,0.45437629,0.00562474,2024-12-08T19:39:37.114757918-05:00
DOGE-USD,0.45679211,1,bid,0.454229,0.00561111,2024-12-08T19:40:37.320835844-05:00
DOGE-USD,0.45733505,1,bid,0.454747,0.00565898,2024-12-08T19:41:37.512746483-05:00
DOGE-USD,0.4562165,1,bid,0.4536978,0.00552084,2024-12-08T19:42:37.704469932-05:00
DOGE-USD,0.4556116,1,bid,0.4531502,0.00540241,2024-12-08T19:43:37.939658291-05:00
DOGE-USD,0.456352685,1,bid,0.4538178,0.00555466,2024-12-08T19:44:38.159669439-05:00
DOGE-USD,0.45768315,1,bid,0.4551553,0.00552314,2024-12-08T19:45:38.347183163-05:00
DOGE-USD,0.45874515,1,bid,0.4561928,0.00556376,2024-12-08T19:46:38.535721071-05:00
DOGE-USD,0.457562615,1,bid,0.45502,0.00555687,2024-12-08T19:47:38.709373686-05:00
DOGE-USD,0.458861,1,bid,0.456232,0.0057294,2024-12-08T19:48:38.886267355-05:00
DOGE-USD,0.45929496,1,bid,0.45669992,0.00565005,2024-12-08T19:49:39.289341048-05:00
DOGE-USD,0.458540775,1,bid,0.45600731,0.00552506,2024-12-08T19:50:39.389536594-05:00
DOGE-USD,0.458021685,1,bid,0.45545037,0.00561396,2024-12-08T19:51:39.550947947-05:00
DOGE-USD,0.457880135,1,bid,0.455349,0.00552794,2024-12-08T19:52:39.723559042-05:00
DOGE-USD,0.457069355,1,bid,0.45454971,0.00551261,2024-12-08T19:53:39.920053921-05:00
DOGE-USD,0.45659414,1,bid,0.454066,0.00553695,2024-12-08T19:54:40.091120165-05:00
DOGE-USD,0.4557085,1,bid,0.453167,0.00557703,2024-12-08T19:55:40.252893515-05:00
DOGE-USD,0.456067275,1,bid,0.4535455,0.00552939,2024-12-08T19:56:40.439945868-05:00
DOGE-USD,0.45641553,1,bid,0.45385654,0.00560671,2024-12-08T19:57:40.654039072-05:00
DOGE-USD,0.45759497,1,bid,0.45506694,0.0055246,2024-12-08T19:58:40.858960234-05:00
DOGE-USD,0.45758286,1,bid,0.45504262,0.00555143,2024-12-08T19:59:41.031617432-05:00
DOGE-USD,0.4584685,1,bid,0.455886,0.00563288,2024-12-08T20:00:41.198675625-05:00
DOGE-USD,0.45945831,1,bid,0.45690237,0.00556294,2024-12-08T20:01:41.390825863-05:00
DOGE-USD,0.45885999,1,bid,0.456227,0.00573811,2024-12-08T20:02:41.554610532-05:00
DOGE-USD,0.45920781,1,bid,0.45659074,0.0056991,2024-12-08T20:03:41.746296638-05:00
DOGE-USD,0.45958555,1,bid,0.457006,0.00561277,2024-12-08T20:04:41.938751925-05:00
DOGE-USD,0.460541865,1,bid,0.45792673,0.00567839,2024-12-08T20:05:42.11311808-05:00
DOGE-USD,0.46082485,1,bid,0.4582177,0.00565757,2024-12-08T20:06:42.301132436-05:00
DOGE-USD,0.46093766,1,bid,0.4583412,0.005633,2024-12-08T20:07:42.466884084-05:00
DOGE-USD,0.46066511,1,bid,0.4580789,0.00561408,2024-12-08T20:08:42.654599292-05:00
DOGE-USD,0.46065346,1,bid,0.45805143,0.00564856,2024-12-08T20:09:43.324222169-05:00
DOGE-USD,0.46030186,1,bid,0.45774772,0.00554884,2024-12-08T20:10:43.544884323-05:00
DOGE-USD,0.46003413,1,bid,0.457473,0.00556726,2024-12-08T20:11:43.746933881-05:00
DOGE-USD,0.4597765,1,bid,0.45723666,0.00552408,2024-12-08T20:12:43.938404034-05:00
DOGE-USD,0.459669075,1,bid,0.45713721,0.00550802,2024-12-08T20:13:44.129614758-05:00
DOGE-USD,0.459480785,1,bid,0.45692226,0.0055683,2024-12-08T20:14:44.345782819-05:00
DOGE-USD,0.45904592,1,bid,0.4564939,0.0055594,2024-12-08T20:15:44.520044152-05:00
DOGE-USD,0.45908897,1,bid,0.45647091,0.00570273,2024-12-08T20:16:44.737402211-05:00
DOGE-USD,0.458671385,1,bid,0.45608305,0.00564311,2024-12-08T20:17:44.936671081-05:00
DOGE-USD,0.457997285,1,bid,0.45542054,0.00562611,2024-12-08T20:18:45.148122829-05:00
DOGE-USD,0.457011965,1,bid,0.45443774,0.00563273,2024-12-08T20:19:45.310429465-05:00
DOGE-USD,0.458161745,1,bid,0.45557586,0.00564404,2024-12-08T20:20:45.511066871-05:00
DOGE-USD,0.45867883,1,bid,0.45604674,0.00573842,2024-12-08T20:21:45.713803502-05:00
DOGE-USD,0.45835672,1,bid,0.45578851,0.00560308,2024-12-08T20:22:45.897850176-05:00
DOGE-USD,0.45855928,1,bid,0.45601725,0.00554351,2024-12-08T20:23:46.089366777-05:00
DOGE-USD,0.45817584,1,bid,0.45564168,0.00553098,2024-12-08T20:24:46.329179285-05:00
DOGE-USD,0.459342785,1,bid,0.45680363,0.0055278,2024-12-08T20:25:46.532803047-05:00
DOGE-USD,0.45883753,1,bid,0.4562883,0.00555584,2024-12-08T20:26:46.706616035-05:00
DOGE-USD,0.459214325,1,bid,0.4566377,0.00561094,2024-12-08T20:27:46.886847188-05:00
DOGE-USD,0.460142265,1,bid,0.457595,0.00553582,2024-12-08T20:28:47.046910915-05:00
DOGE-USD,0.460530625,1,bid,0.4579599,0.00558209,2024-12-08T20:29:47.228169255-05:00
DOGE-USD,0.46015081,1,bid,0.457615,0.00551082,2024-12-08T20:30:47.464834895-05:00
DOGE-USD,0.4606453,1,bid,0.458115,0.00549295,2024-12-08T20:31:47.672483306-05:00
DOGE-USD,0.460208565,1,bid,0.45766815,0.00552014,2024-12-08T20:32:47.849800712-05:00
DOGE-USD,0.46008855,1,bid,0.45750741,0.00561009,2024-12-08T20:33:48.066753454-05:00
DOGE-USD,0.46014516,1,bid,0.45757093,0.00559439,2024-12-08T20:34:48.248797529-05:00
DOGE-USD,0.46029233,1,bid,0.45775766,0.00550665,2024-12-08T20:35:48.422104259-05:00
DOGE-USD,0.459234155,1,bid,0.45673331,0.00544569,2024-12-08T20:36:48.645352027-05:00
DOGE-USD,0.45785002,1,bid,0.45527136,0.00563211,2024-12-08T20:37:49.053207699-05:00
DOGE-USD,0.45785074,1,bid,0.45543048,0.00528613,2024-12-08T20:38:49.186837052-05:00
DOGE-USD,0.45772011,1,bid,0.45517807,0.0055537,2024-12-08T20:39:49.336789346-05:00
DOGE-USD,0.458447755,1,bid,0.45590024,0.00555683,2024-12-08T20:40:49.486053742-05:00
DOGE-USD,0.45752331,1,bid,0.45501279,0.0054872,2024-12-08T20:41:49.682291365-05:00
DOGE-USD,0.456380755,1,bid,0.45384674,0.00555241,2024-12-08T20:42:49.847786927-05:00
DOGE-USD,0.455638985,1,bid,0.45311733,0.00553433,2024-12-08T20:43:50.005513374-05:00
DOGE-USD,0.45569593,1,bid,0.45314435,0.0055993,2024-12-08T20:44:50.172702102-05:00
DOGE-USD,0.455301205,1,bid,0.452711,0.00568899,2024-12-08T20:45:50.358704018-05:00
DOGE-USD,0.45489897,1,bid,0.45231394,0.00568265,2024-12-08T20:46:50.522658214-05:00
DOGE-USD,0.45374379,1,bid,0.451153,0.00570981,2024-12-08T20:47:50.721052283-05:00
DOGE-USD,0.453631165,1,bid,0.45116033,0.00544679,2024-12-08T20:48:50.950474675-05:00
DOGE-USD,0.453964405,1,bid,0.45135981,0.00573744,2024-12-08T20:49:51.147170179-05:00
DOGE-USD,0.453283,1,bid,0.450662,0.00578226,2024-12-08T20:50:51.331040276-05:00
DOGE-USD,0.453862415,1,bid,0.45126605,0.0057206,2024-12-08T20:51:51.532648492-05:00
DOGE-USD,0.45343719,1,bid,0.45084838,0.0057093,2024-12-08T20:52:51.722305278-05:00
DOGE-USD,0.45382597,1,bid,0.45121633,0.00575031,2024-12-08T20:53:51.89730724-05:00
DOGE-USD,0.454159385,1,bid,0.45161153,0.00561005,2024-12-08T20:54:52.07207221-05:00
DOGE-USD,0.45433794,1,bid,0.45171098,0.00578195,2024-12-08T20:55:52.284842109-05:00
DOGE-USD,0.45377243,1,bid,0.4511629,0.00575075,2024-12-08T20:56:52.461689869-05:00
DOGE-USD,0.453429925,1,bid,0.45084348,0.00570418,2024-12-08T20:57:52.644272441-05:00
DOGE-USD,0.454081895,1,bid,0.45149846,0.00568936,2024-12-08T20:58:52.84954812-05:00
DOGE-USD,0.45368199,1,bid,0.45124616,0.00536903,2024-12-08T20:59:53.026389784-05:00
DOGE-USD,0.4525078,1,bid,0.45019396,0.00511337,2024-12-08T21:00:53.257386142-05:00
DOGE-USD,0.453800745,1,bid,0.45123149,0.00566164,2024-12-08T21:01:53.48833527-05:00
DOGE-USD,0.45334798,1,bid,0.45088553,0.0054317,2024-12-08T21:02:53.662419516-05:00
DOGE-USD,0.452900685,1,bid,0.450428,0.00545966,2024-12-08T21:03:53.905757498-05:00
DOGE-USD,0.45247487,1,bid,0.45002661,0.00541082,2024-12-08T21:04:54.080378053-05:00
DOGE-USD,0.451669025,1,bid,0.449284,0.00528047,2024-12-08T21:05:54.249958891-05:00
DOGE-USD,0.45324253,1,bid,0.450836,0.00530959,2024-12-08T21:06:54.461828843-05:00
DOGE-USD,0.454856365,1,bid,0.452291,0.00563995,2024-12-08T21:07:54.681633954-05:00
DOGE-USD,0.454839805,1,bid,0.45229,0.00560594,2024-12-08T21:08:54.878567933-05:00
DOGE-USD,0.454118225,1,bid,0.451637,0.00546383,2024-12-08T21:09:55.054798701-05:00
DOGE-USD,0.454496115,1,bid,0.451928,0.00565047,2024-12-08T21:10:55.229924203-05:00
DOGE-USD,0.455602,1,bid,0.4533,0.00505266,2024-12-08T21:11:55.419241866-05:00
DOGE-USD,0.4553385,1,bid,0.452773,0.00563427,2024-12-08T21:12:55.600202457-05:00
DOGE-USD,0.455170595,1,bid,0.45261599,0.00561241,2024-12-08T21:13:55.789990102-05:00
DOGE-USD,0.455009725,1,bid,0.45243698,0.00565426,2024-12-08T21:14:55.991857092-05:00
DOGE-USD,0.454806325,1,bid,0.452264,0.00558991,2024-12-08T21:15:56.18981915-05:00
DOGE-USD,0.454273265,1,bid,0.451694,0.00567778,2024-12-08T21:16:56.392504926-05:00
DOGE-USD,0.454339825,1,bid,0.45177065,0.00565474,2024-12-08T21:17:56.555934817-05:00
DOGE-USD,0.453615,1,bid,0.451097,0.00555096,2024-12-08T21:18:56.774654186-05:00
DOGE-USD,0.452311615,1,bid,0.44974815,0.00566748,2024-12-08T21:19:56.971983512-05:00
DOGE-USD,0.452494285,1,bid,0.44988464,0.00576724,2024-12-08T21:20:57.157281964-05:00
DOGE-USD,0.4523827,1,bid,0.44976172,0.00579372,2024-12-08T21:21:57.374511315-05:00
DOGE-USD,0.452317,1,bid,0.44982,0.00552046,2024-12-08T21:22:57.595212669-05:00
DOGE-USD,0.45245208,1,bid,0.44988274,0.0056787,2024-12-08T21:23:57.832940475-05:00
DOGE-USD,0.452027475,1,bid,0.449466,0.00566664,2024-12-08T21:24:58.019501297-05:00
DOGE-USD,0.45172342,1,bid,0.449276,0.00541796,2024-12-08T21:25:58.196437891-05:00
DOGE-USD,0.450993325,1,bid,0.44839923,0.00575196,2024-12-08T21:26:58.368001915-05:00
DOGE-USD,0.45107413,1,bid,0.44851,0.0056845,2024-12-08T21:27:58.553647382-05:00
DOGE-USD,0.4507238,1,bid,0.4481733,0.00565868,2024-12-08T21:28:59.741876296-05:00
DOGE-USD,0.45098629,1,bid,0.44845728,0.00560773,2024-12-08T21:29:59.896446265-05:00
DOGE-USD,0.45136241,1,bid,0.44889649,0.00546328,2024-12-08T21:31:00.030775756-05:00
DOGE-USD,0.451568685,1,bid,0.44901497,0.00565521,2024-12-08T21:32:00.185685734-05:00
DOGE-USD,0.45075605,1,bid,0.44823409,0.00559496,2024-12-08T21:33:00.331156763-05:00
DOGE-USD,0.451798505,1,bid,0.44922137,0.00570417,2024-12-08T21:34:00.478567643-05:00
DOGE-USD,0.451598105,1,bid,0.44903572,0.00567404,2024-12-08T21:35:00.62281608-05:00
DOGE-USD,0.452327925,1,bid,0.44973858,0.00572449,2024-12-08T21:36:00.769671811-05:00
DOGE-USD,0.45300293,1,bid,0.45040452,0.00573597,2024-12-08T21:37:00.910833172-05:00
DOGE-USD,0.452051795,1,bid,0.44948959,0.00566795,2024-12-08T21:38:02.28770838-05:00
DOGE-USD,0.4523434,1,bid,0.44981145,0.00559741,2024-12-08T21:39:02.450998846-05:00
DOGE-USD,0.451507975,1,bid,0.44894896,0.00566771,2024-12-08T21:40:02.583380973-05:00
DOGE-USD,0.451345315,1,bid,0.44876277,0.00572188,2024-12-08T21:41:02.735227664-05:00
DOGE-USD,0.45150892,1,bid,0.44898874,0.00558168,2024-12-08T21:42:02.868945924-05:00
DOGE-USD,0.451744785,1,bid,0.44928708,0.00544047,2024-12-08T21:43:03.010787986-05:00
DOGE-USD,0.451829235,1,bid,0.44932649,0.00553914,2024-12-08T21:44:03.167503969-05:00
DOGE-USD,0.45131302,1,bid,0.44879704,0.0055748,2024-12-08T21:45:03.313830041-05:00
DOGE-USD,0.45071167,1,bid,0.44823016,0.00550576,2024-12-08T21:46:03.45284443-05:00
DOGE-USD,0.451180025,1,bid,0.44868,0.00554108,2024-12-08T21:47:03.605342444-05:00
DOGE-USD,0.45122128,1,bid,0.44874639,0.00548487,2024-12-08T21:48:03.751821068-05:00
DOGE-USD,0.45060574,1,bid,0.44810759,0.00554398,2024-12-08T21:49:03.8914169-05:00
DOGE-USD,0.449745925,1,bid,0.447237,0.00557854,2024-12-08T21:50:04.026722753-05:00
DOGE-USD,0.45004096,1,bid,0.44755559,0.00552254,2024-12-08T21:51:04.165403807-05:00
DOGE-USD,0.45067589,1,bid,0.44816364,0.00557441,2024-12-08T21:52:04.307194289-05:00
DOGE-USD,0.45188681,1,bid,0.44939647,0.00551098,2024-12-08T21:53:04.444328346-05:00
DOGE-USD,0.45245522,1,bid,0.44988644,0.00567742,2024-12-08T21:54:04.589971941-05:00
DOGE-USD,0.453117255,1,bid,0.45058352,0.00559179,2024-12-08T21:55:04.738532907-05:00
DOGE-USD,0.452439325,1,bid,0.44993163,0.00554261,2024-12-08T21:56:04.879914858-05:00
DOGE-USD,0.452205255,1,bid,0.44967258,0.00560072,2024-12-08T21:57:05.024626036-05:00
DOGE-USD,0.45297689,1,bid,0.4504684,0.00553779,2024-12-08T21:58:05.197265534-05:00
DOGE-USD,0.45328373,1,bid,0.4507264,0.00564179,2024-12-08T21:59:05.3520489-05:00
DOGE-USD,0.453671785,1,bid,0.45111427,0.00563737,2024-12-08T22:00:05.504667185-05:00
DOGE-USD,0.45440125,1,bid,0.4518783,0.00555225,2024-12-08T22:01:05.647393548-05:00
DOGE-USD,0.453706025,1,bid,0.4511293,0.00567928,2024-12-08T22:02:05.804908883-05:00
DOGE-USD,0.45415207,1,bid,0.45166125,0.00548455,2024-12-08T22:03:05.958281682-05:00
DOGE-USD,0.455053765,1,bid,0.45252649,0.00555379,2024-12-08T22:04:06.111943243-05:00
DOGE-USD,0.454915085,1,bid,0.45233753,0.00566601,2024-12-08T22:05:06.257598703-05:00
DOGE-USD,0.45479823,1,bid,0.4521553,0.00581121,2024-12-08T22:06:06.40601563-05:00
DOGE-USD,0.45447415,1,bid,0.4518701,0.00572981,2024-12-08T22:07:06.548483721-05:00
DOGE-USD,0.45428549,1,bid,0.45171098,0.00566716,2024-12-08T22:08:06.684310949-05:00
DOGE-USD,0.454326595,1,bid,0.4518082,0.00554314,2024-12-08T22:09:06.836535385-05:00
DOGE-USD,0.454298715,1,bid,0.45176697,0.00557286,2024-12-08T22:10:06.983144038-05:00
DOGE-USD,0.454511015,1,bid,0.45195961,0.00561352,2024-12-08T22:11:07.139582221-05:00
DOGE-USD,0.454432445,1,bid,0.45195466,0.00545248,2024-12-08T22:12:07.325522008-05:00
DOGE-USD,0.4547152,1,bid,0.45220824,0.00551325,2024-12-08T22:13:07.507052734-05:00
DOGE-USD,0.45496205,1,bid,0.45244692,0.00552822,2024-12-08T22:14:07.704254039-05:00
DOGE-USD,0.45434448,1,bid,0.45184748,0.00549583,2024-12-08T22:15:07.921833203-05:00
DOGE-USD,0.455232985,1,bid,0.45276397,0.00542363,2024-12-08T22:16:08.101721054-05:00
DOGE-USD,0.455265565,1,bid,0.45273533,0.00555771,2024-12-08T22:17:08.324465515-05:00
DOGE-USD,0.454986695,1,bid,0.45244909,0.00557732,2024-12-08T22:18:08.505901247-05:00
DOGE-USD,0.454494195,1,bid,0.45194966,0.00559861,2024-12-08T22:19:08.680719757-05:00
DOGE-USD,0.454289825,1,bid,0.4517806,0.0055234,2024-12-08T22:20:08.875423805-05:00
DOGE-USD,0.45419262,1,bid,0.45164723,0.00560421,2024-12-08T22:21:09.042025971-05:00
DOGE-USD,0.453944515,1,bid,0.45140193,0.00560109,2024-12-08T22:22:09.225422608-05:00
DOGE-USD,0.45284131,1,bid,0.45030871,0.00559269,2024-12-08T22:23:09.393127435-05:00
DOGE-USD,0.452693995,1,bid,0.45022914,0.00544486,2024-12-08T22:24:09.574717228-05:00
DOGE-USD,0.45196157,1,bid,0.44940008,0.0056675,2024-12-08T22:25:09.733501459-05:00
DOGE-USD,0.452744565,1,bid,0.45020925,0.00559988,2024-12-08T22:26:09.960571398-05:00
DOGE-USD,0.452649475,1,bid,0.45011611,0.00559675,2024-12-08T22:27:10.17173668-05:00
DOGE-USD,0.45321277,1,bid,0.45068662,0.00557387,2024-12-08T22:28:10.351945991-05:00
DOGE-USD,0.454000195,1,bid,0.4514524,0.00561188,2024-12-08T22:29:10.514748803-05:00
DOGE-USD,0.452777325,1,bid,0.45023909,0.00560592,2024-12-08T22:30:10.718599885-05:00
DOGE-USD,0.453598865,1,bid,0.45103104,0.005661,2024-12-08T22:31:10.924288775-05:00
DOGE-USD,0.453034505,1,bid,0.45050761,0.00557771,2024-12-08T22:32:11.103873928-05:00
DOGE-USD,0.45321267,1,bid,0.45065526,0.00564285,2024-12-08T22:33:11.279885341-05:00
DOGE-USD,0.452094825,1,bid,0.449599,0.00552058,2024-12-08T22:34:11.460413551-05:00
DOGE-USD,0.452675525,1,bid,0.45019036,0.00548995,2024-12-08T22:35:11.672428357-05:00
DOGE-USD,0.451958305,1,bid,0.44945614,0.00553627,2024-12-08T22:36:11.890550425-05:00
DOGE-USD,0.45130105,1,bid,0.448798,0.0055463,2024-12-08T22:37:12.143451308-05:00
DOGE-USD,0.451386895,1,bid,0.44888,0.00555376,2024-12-08T22:38:12.319102012-05:00
DOGE-USD,0.450771725,1,bid,0.4482258,0.00564793,2024-12-08T22:39:12.498613318-05:00
DOGE-USD,0.45090528,1,bid,0.44839206,0.00557372,2024-12-08T22:40:12.659684204-05:00
DOGE-USD,0.45022632,1,bid,0.44780252,0.00538351,2024-12-08T22:41:12.872068234-05:00
DOGE-USD,0.45129104,1,bid,0.4486902,0.00576311,2024-12-08T22:42:13.042267864-05:00
DOGE-USD,0.451041915,1,bid,0.44849787,0.00564037,2024-12-08T22:43:13.267163107-05:00
DOGE-USD,0.45141042,1,bid,0.44883957,0.00569515,2024-12-08T22:44:13.450351605-05:00
DOGE-USD,0.45081885,1,bid,0.44826994,0.00565396,2024-12-08T22:45:13.621104997-05:00
DOGE-USD,0.45001577,1,bid,0.44747644,0.00564276,2024-12-08T22:46:13.823571392-05:00
DOGE-USD,0.450652675,1,bid,0.44808735,0.00569247,2024-12-08T22:47:13.999864404-05:00
DOGE-USD,0.449439,1,bid,0.446936,0.00556917,2024-12-08T22:48:14.188915373-05:00
DOGE-USD,0.448099085,1,bid,0.445615,0.00554361,2024-12-08T22:49:14.367381571-05:00
DOGE-USD,0.447774275,1,bid,0.445251,0.00563515,2024-12-08T22:50:14.528654872-05:00
DOGE-USD,0.447453695,1,bid,0.44491476,0.00567418,2024-12-08T22:51:14.715385572-05:00
DOGE-USD,0.44712952,1,bid,0.44462504,0.00560124,2024-12-08T22:52:14.898205029-05:00
DOGE-USD,0.447032985,1,bid,0.44459286,0.00545849,2024-12-08T22:53:15.071407253-05:00
DOGE-USD,0.44645936,1,bid,0.44395372,0.00561225,2024-12-08T22:54:15.284892939-05:00
DOGE-USD,0.44860601,1,bid,0.446134,0.00551043,2024-12-08T22:55:15.456414376-05:00
DOGE-USD,0.449621155,1,bid,0.447177,0.00543603,2024-12-08T22:56:15.632709759-05:00
DOGE-USD,0.450778255,1,bid,0.44832,0.00545336,2024-12-08T22:57:15.822558302-05:00
DOGE-USD,0.4506933,1,bid,0.448153,0.00563643,2024-12-08T22:58:16.008827425-05:00
DOGE-USD,0.4516215,1,bid,0.449119,0.00554114,2024-12-08T22:59:16.164249706-05:00
DOGE-USD,0.451572475,1,bid,0.448995,0.00570778,2024-12-08T23:00:16.352777324-05:00
DOGE-USD,0.45123508,1,bid,0.44874731,0.00551325,2024-12-08T23:01:16.510308843-05:00
DOGE-USD,0.45245142,1,bid,0.44992084,0.00559304,2024-12-08T23:02:16.684054614-05:00
DOGE-USD,0.453198715,1,bid,0.45068662,0.00554303,2024-12-08T23:03:16.885813134-05:00
DOGE-USD,0.45438084,1,bid,0.45181568,0.0056454,2024-12-08T23:04:17.10380057-05:00
DOGE-USD,0.4534621,1,bid,0.45094,0.00556188,2024-12-08T23:05:17.307417004-05:00
DOGE-USD,0.453867765,1,bid,0.451368,0.00550769,2024-12-08T23:06:17.484668312-05:00
DOGE-USD,0.453475185,1,bid,0.45092263,0.00562887,2024-12-08T23:07:17.676244405-05:00
DOGE-USD,0.45355602,1,bid,0.45112421,0.00536165,2024-12-08T23:08:17.855011253-05:00
DOGE-USD,0.45407791,1,bid,0.45160158,0.00545354,2024-12-08T23:09:18.020173345-05:00
DOGE-USD,0.453882455,1,bid,0.45140058,0.0054681,2024-12-08T23:10:18.191631676-05:00
DOGE-USD,0.453541325,1,bid,0.451046,0.00550187,2024-12-08T23:11:18.347801635-05:00
DOGE-USD,0.453352355,1,bid,0.4508222,0.00558099,2024-12-08T23:12:18.522630401-05:00
DOGE-USD,0.45285758,1,bid,0.450351,0.00553503,2024-12-08T23:13:18.710038421-05:00
DOGE-USD,0.452840495,1,bid,0.45037832,0.00543718,2024-12-08T23:14:18.876230059-05:00
DOGE-USD,0.4525111,1,bid,0.450128,0.00526639,2024-12-08T23:15:19.052779614-05:00
DOGE-USD,0.45285374,1,bid,0.450463,0.00527928,2024-12-08T23:16:19.250846606-05:00
DOGE-USD,0.452949185,1,bid,0.450523,0.00535642,2024-12-08T23:17:19.412917568-05:00
DOGE-USD,0.451842935,1,bid,0.44941,0.00538447,2024-12-08T23:18:19.580111586-05:00
DOGE-USD,0.450811735,1,bid,0.448393,0.00536529,2024-12-08T23:19:19.751076163-05:00
DOGE-USD,0.45072173,1,bid,0.448344,0.00527538,2024-12-08T23:20:19.912130143-05:00
DOGE-USD,0.45021136,1,bid,0.447793,0.00537161,2024-12-08T23:21:20.076178293-05:00
DOGE-USD,0.44991003,1,bid,0.447522,0.00530779,2024-12-08T23:22:20.23309666-05:00
DOGE-USD,0.449421855,1,bid,0.446935,0.00553345,2024-12-08T23:23:20.398544135-05:00
DOGE-USD,0.4494327,1,bid,0.446925,0.0055797,2024-12-08T23:24:20.547992612-05:00
DOGE-USD,0.449182845,1,bid,0.446653,0.00563211,2024-12-08T23:25:20.719427541-05:00
DOGE-USD,0.447873,1,bid,0.445301,0.0057427,2024-12-08T23:26:20.889867502-05:00
DOGE-USD,0.449352415,1,bid,0.44683783,0.00559602,2024-12-08T23:27:21.052179964-05:00
DOGE-USD,0.449547665,1,bid,0.447009,0.00564715,2024-12-08T23:28:21.222099047-05:00
DOGE-USD,0.450213385,1,bid,0.447701,0.00558043,2024-12-08T23:29:21.395475898-05:00
DOGE-USD,0.450625585,1,bid,0.448086,0.00563569,2024-12-08T23:30:21.802015898-05:00
DOGE-USD,0.45032492,1,bid,0.447813,0.00557802,2024-12-08T23:31:21.974827382-05:00
DOGE-USD,0.45041062,1,bid,0.447934,0.00549858,2024-12-08T23:32:22.132895408-05:00
DOGE-USD,0.45109276,1,bid,0.448551,0.00563467,2024-12-08T23:33:22.335848566-05:00
DOGE-USD,0.451590665,1,bid,0.449054,0.00561718,2024-12-08T23:34:22.542942515-05:00
DOGE-USD,0.45222799,1,bid,0.449686,0.00562104,2024-12-08T23:35:22.715653374-05:00
DOGE-USD,0.451718225,1,bid,0.449201,0.00557256,2024-12-08T23:36:22.878267473-05:00
DOGE-USD,0.452095365,1,bid,0.449655,0.0053979,2024-12-08T23:37:23.083085195-05:00
DOGE-USD,0.45187376,1,bid,0.44936391,0.00555432,2024-12-08T23:38:23.271277963-05:00
DOGE-USD,0.45177079,1,bid,0.449236,0.00561079,2024-12-08T23:39:23.465878548-05:00
DOGE-USD,0.452120085,1,bid,0.449627,0.00551421,2024-12-08T23:40:23.628553106-05:00
DOGE-USD,0.4527561,1,bid,0.4502192,0.00560324,2024-12-08T23:41:23.798724888-05:00
DOGE-USD,0.4533625,1,bid,0.450831,0.00558383,2024-12-08T23:42:23.981372143-05:00
DOGE-USD,0.452927385,1,bid,0.45036474,0.00565796,2024-12-08T23:43:24.174007748-05:00
DOGE-USD,0.45256121,1,bid,0.450014,0.00562843,2024-12-08T23:44:24.330091614-05:00
DOGE-USD,0.453182915,1,bid,0.450736,0.0053994,2024-12-08T23:45:24.509080618-05:00
DOGE-USD,0.453402285,1,bid,0.45087558,0.00557277,2024-12-08T23:46:24.684414959-05:00
DOGE-USD,0.452783215,1,bid,0.450283,0.00552188,2024-12-08T23:47:24.875035935-05:00
DOGE-USD,0.452638035,1,bid,0.450158,0.00547907,2024-12-08T23:48:25.023101233-05:00
DOGE-USD,0.452222215,1,bid,0.44970205,0.00557285,2024-12-08T23:49:25.232351416-05:00
DOGE-USD,0.452629325,1,bid,0.450159,0.00545772,2024-12-08T23:50:25.434769431-05:00
DOGE-USD,0.45289155,1,bid,0.450458,0.00537336,2024-12-08T23:51:25.601921753-05:00
DOGE-USD,0.45391495,1,bid,0.451449,0.00543263,2024-12-08T23:52:25.801768802-05:00
DOGE-USD,0.45347508,1,bid,0.45097503,0.00551309,2024-12-08T23:53:25.985700938-05:00
DOGE-USD,0.45342148,1,bid,0.45088084,0.00560326,2024-12-08T23:54:26.158478271-05:00
DOGE-USD,0.453677,1,bid,0.45119,0.00548187,2024-12-08T23:55:26.319010329-05:00
DOGE-USD,0.45360011,1,bid,0.45109438,0.00552409,2024-12-08T23:56:26.496034495-05:00
DOGE-USD,0.453769725,1,bid,0.45131317,0.00541366,2024-12-08T23:57:26.702520628-05:00
DOGE-USD,0.453793745,1,bid,0.45142,0.00523089,2024-12-08T23:58:26.865265848-05:00
DOGE-USD,0.45398792,1,bid,0.451591,0.0052797,2024-12-08T23:59:27.032154857-05:00
DOGE-USD,0.45387195,1,bid,0.45138279,0.00548428,2024-12-09T00:00:27.204384776-05:00
DOGE-USD,0.45350059,1,bid,0.45106454,0.00537166,2024-12-09T00:01:27.405029568-05:00
DOGE-USD,0.45366231,1,bid,0.45120011,0.00542738,2024-12-09T00:02:27.571974554-05:00
DOGE-USD,0.454625085,1,bid,0.452224,0.00528146,2024-12-09T00:03:27.736812324-05:00
DOGE-USD,0.454501955,1,bid,0.45204912,0.00539675,2024-12-09T00:04:27.905313658-05:00
DOGE-USD,0.454282215,1,bid,0.45181043,0.00544108,2024-12-09T00:05:28.104272737-05:00
DOGE-USD,0.45379658,1,bid,0.45132205,0.00545295,2024-12-09T00:06:28.26243368-05:00
DOGE-USD,0.45446977,1,bid,0.45194854,0.00554763,2024-12-09T00:07:28.410843864-05:00
DOGE-USD,0.45409467,1,bid,0.45160158,0.00549024,2024-12-09T00:08:28.595792515-05:00
DOGE-USD,0.45468299,1,bid,0.45214998,0.00557094,2024-12-09T00:09:28.749114714-05:00
DOGE-USD,0.454675665,1,bid,0.45220824,0.00542678,2024-12-09T00:10:28.956289089-05:00
DOGE-USD,0.45472066,1,bid,0.45224432,0.00544585,2024-12-09T00:11:29.097538972-05:00
DOGE-USD,0.45488422,1,bid,0.45240344,0.00545365,2024-12-09T00:12:29.260168856-05:00
DOGE-USD,0.454268715,1,bid,0.45181043,0.00541152,2024-12-09T00:13:29.43530843-05:00
DOGE-USD,0.454335105,1,bid,0.45185021,0.0054693,2024-12-09T00:14:29.605628071-05:00
DOGE-USD,0.45418139,1,bid,0.45167378,0.00552116,2024-12-09T00:15:29.816501854-05:00
DOGE-USD,0.45403986,1,bid,0.45152829,0.00553161,2024-12-09T00:16:29.987664698-05:00
DOGE-USD,0.45381686,1,bid,0.45132939,0.00548122,2024-12-09T00:17:30.375857433-05:00
DOGE-USD,0.4537337,1,bid,0.45127967,0.00540852,2024-12-09T00:18:30.527756161-05:00
DOGE-USD,0.453774635,1,bid,0.45135295,0.00533676,2024-12-09T00:19:30.676201271-05:00
DOGE-USD,0.453525185,1,bid,0.45108705,0.00537596,2024-12-09T00:20:30.82143903-05:00
DOGE-USD,0.452681285,1,bid,0.45014766,0.00559693,2024-12-09T00:21:30.969639483-05:00
DOGE-USD,0.453324565,1,bid,0.450821,0.00552268,2024-12-09T00:22:31.118627936-05:00
DOGE-USD,0.45317907,1,bid,0.450661,0.00555646,2024-12-09T00:23:31.253080691-05:00
DOGE-USD,0.45319331,1,bid,0.45068297,0.00553923,2024-12-09T00:24:31.388532895-05:00
DOGE-USD,0.45320604,1,bid,0.45072275,0.00547938,2024-12-09T00:25:31.54634881-05:00
DOGE-USD,0.45356676,1,bid,0.45108339,0.0054752,2024-12-09T00:26:31.711624769-05:00
DOGE-USD,0.45333755,1,bid,0.450868,0.00544749,2024-12-09T00:27:31.842433015-05:00
DOGE-USD,0.45319788,1,bid,0.45079602,0.0052998,2024-12-09T00:28:31.983116056-05:00
DOGE-USD,0.45328562,1,bid,0.45084209,0.00539071,2024-12-09T00:29:32.110982006-05:00
DOGE-USD,0.453059055,1,bid,0.45066308,0.00528844,2024-12-09T00:30:32.252950855-05:00
DOGE-USD,0.453234225,1,bid,0.45079602,0.00537957,2024-12-09T00:31:32.402361811-05:00
DOGE-USD,0.453136485,1,bid,0.45069657,0.0053845,2024-12-09T00:32:32.533521279-05:00
DOGE-USD,0.453308645,1,bid,0.45087558,0.00536735,2024-12-09T00:33:32.660064828-05:00
DOGE-USD,0.45383978,1,bid,0.4513629,0.00545761,2024-12-09T00:34:32.809430768-05:00
DOGE-USD,0.453740305,1,bid,0.45126972,0.00544493,2024-12-09T00:35:32.94129302-05:00
DOGE-USD,0.453858605,1,bid,0.4513629,0.00549886,2024-12-09T00:36:33.088731316-05:00
DOGE-USD,0.453570905,1,bid,0.45108705,0.00547622,2024-12-09T00:37:33.239413577-05:00
DOGE-USD,0.453479615,1,bid,0.45097503,0.00552304,2024-12-09T00:38:33.393494392-05:00
DOGE-USD,0.45299011,1,bid,0.45048772,0.00552416,2024-12-09T00:39:33.526539665-05:00
DOGE-USD,0.45232285,1,bid,0.4498476,0.00547231,2024-12-09T00:40:33.675814392-05:00
DOGE-USD,0.452446535,1,bid,0.44994342,0.0055324,2024-12-09T00:41:33.833855648-05:00
DOGE-USD,0.452390215,1,bid,0.4499109,0.00548048,2024-12-09T00:42:33.984072452-05:00
DOGE-USD,0.452751365,1,bid,0.45025534,0.00551301,2024-12-09T00:43:34.132063333-05:00
DOGE-USD,0.45339199,1,bid,0.45095514,0.00537471,2024-12-09T00:44:34.256188225-05:00
DOGE-USD,0.453396575,1,bid,0.4509452,0.00540669,2024-12-09T00:45:34.382067275-05:00
DOGE-USD,0.45365577,1,bid,0.45116399,0.00549267,2024-12-09T00:46:34.520782294-05:00
DOGE-USD,0.45345972,1,bid,0.45100749,0.00540782,2024-12-09T00:47:34.6609067-05:00
DOGE-USD,0.45426427,1,bid,0.45180049,0.00542367,2024-12-09T00:48:34.794487397-05:00
DOGE-USD,0.45439763,1,bid,0.45192977,0.00543106,2024-12-09T00:49:34.927925637-05:00
DOGE-USD,0.454097525,1,bid,0.45172092,0.00523369,2024-12-09T00:50:35.068204198-05:00
DOGE-USD,0.45395952,1,bid,0.45153197,0.0053475,2024-12-09T00:51:35.222331346-05:00
DOGE-USD,0.45381997,1,bid,0.45136917,0.00540038,2024-12-09T00:52:35.36990934-05:00
DOGE-USD,0.454019595,1,bid,0.45158169,0.0053696,2024-12-09T00:53:35.512702252-05:00
DOGE-USD,0.454019345,1,bid,0.45159313,0.00534386,2024-12-09T00:54:35.67118293-05:00
DOGE-USD,0.453574015,1,bid,0.45115405,0.00533533,2024-12-09T00:55:35.837296665-05:00
DOGE-USD,0.453032415,1,bid,0.45057358,0.0054275,2024-12-09T00:56:35.981195857-05:00
DOGE-USD,0.453041645,1,bid,0.45062695,0.00532996,2024-12-09T00:57:36.122226331-05:00
DOGE-USD,0.452789065,1,bid,0.45039821,0.00528028,2024-12-09T00:58:36.268074046-05:00
DOGE-USD,0.45303401,1,bid,0.45060706,0.0053571,2024-12-09T00:59:36.406761295-05:00
DOGE-USD,0.453184905,1,bid,0.45073635,0.00540299,2024-12-09T01:00:36.538965511-05:00
DOGE-USD,0.45280846,1,bid,0.45035843,0.00541074,2024-12-09T01:01:36.681859085-05:00
DOGE-USD,0.45197396,1,bid,0.44952936,0.00540872,2024-12-09T01:02:36.83991202-05:00
DOGE-USD,0.45273706,1,bid,0.45025898,0.00547355,2024-12-09T01:03:36.994031328-05:00
DOGE-USD,0.4526169,1,bid,0.4501098,0.00553912,2024-12-09T01:04:37.14588382-05:00
DOGE-USD,0.4521156,1,bid,0.44966227,0.00542633,2024-12-09T01:05:37.294113139-05:00
DOGE-USD,0.45135648,1,bid,0.44897,0.00528735,2024-12-09T01:06:37.388499289-05:00
DOGE-USD,0.450598395,1,bid,0.44810087,0.00554269,2024-12-09T01:07:37.522750547-05:00
DOGE-USD,0.45115491,1,bid,0.44870394,0.00543266,2024-12-09T01:08:37.67224739-05:00
DOGE-USD,0.45091815,1,bid,0.4484219,0.00553593,2024-12-09T01:09:38.013335324-05:00
DOGE-USD,0.450160995,1,bid,0.447675,0.00552246,2024-12-09T01:10:38.161556205-05:00
DOGE-USD,0.450284475,1,bid,0.44779895,0.0055199,2024-12-09T01:11:38.311692275-05:00
DOGE-USD,0.450014595,1,bid,0.44755389,0.00546806,2024-12-09T01:12:38.461688174-05:00
DOGE-USD,0.450418235,1,bid,0.44792467,0.00553611,2024-12-09T01:13:38.558127759-05:00
DOGE-USD,0.450209345,1,bid,0.44774284,0.00547857,2024-12-09T01:14:38.716750962-05:00
DOGE-USD,0.45001336,1,bid,0.4475205,0.00553952,2024-12-09T01:15:38.864708816-05:00
DOGE-USD,0.45101017,1,bid,0.44852134,0.00551835,2024-12-09T01:16:39.014524191-05:00
DOGE-USD,0.45097054,1,bid,0.448627,0.00519666,2024-12-09T01:17:39.15458883-05:00
DOGE-USD,0.44975871,1,bid,0.447343,0.00537112,2024-12-09T01:18:39.305492421-05:00
DOGE-USD,0.449035085,1,bid,0.44655937,0.00551341,2024-12-09T01:19:39.453220426-05:00
DOGE-USD,0.44862615,1,bid,0.44614,0.0055417,2024-12-09T01:20:39.604093092-05:00
DOGE-USD,0.448408535,1,bid,0.44592287,0.0055433,2024-12-09T01:21:39.764970013-05:00
DOGE-USD,0.44789011,1,bid,0.44540223,0.00555467,2024-12-09T01:22:39.920473605-05:00
DOGE-USD,0.447448155,1,bid,0.44495074,0.00558146,2024-12-09T01:23:40.065266539-05:00
DOGE-USD,0.446962955,1,bid,0.444467,0.00558425,2024-12-09T01:24:40.20659556-05:00
DOGE-USD,0.44682223,1,bid,0.44432126,0.00559724,2024-12-09T01:25:40.357973813-05:00
DOGE-USD,0.446309955,1,bid,0.44381716,0.00558534,2024-12-09T01:26:40.509311658-05:00
DOGE-USD,0.4464914,1,bid,0.44395554,0.00567953,2024-12-09T01:27:40.658292703-05:00
DOGE-USD,0.446273125,1,bid,0.44380377,0.00553328,2024-12-09T01:28:40.801515779-05:00
DOGE-USD,0.44478029,1,bid,0.44229291,0.00559238,2024-12-09T01:29:40.94052131-05:00
DOGE-USD,0.445678315,1,bid,0.44313609,0.00570417,2024-12-09T01:30:41.080268844-05:00
DOGE-USD,0.44549451,1,bid,0.44295622,0.00569769,2024-12-09T01:31:41.231208177-05:00
DOGE-USD,0.446729995,1,bid,0.4442061,0.00564971,2024-12-09T01:32:41.372662072-05:00
DOGE-USD,0.44655139,1,bid,0.44401519,0.00567953,2024-12-09T01:33:41.512569753-05:00
DOGE-USD,0.44562859,1,bid,0.44316396,0.00553068,2024-12-09T01:34:41.670282429-05:00
DOGE-USD,0.444630615,1,bid,0.44215316,0.00557194,2024-12-09T01:35:41.820851332-05:00
DOGE-USD,0.445463645,1,bid,0.44293565,0.00567497,2024-12-09T01:36:41.967540361-05:00
DOGE-USD,0.44590457,1,bid,0.44344683,0.00551181,2024-12-09T01:37:42.110381022-05:00
DOGE-USD,0.44715844,1,bid,0.44464301,0.00562537,2024-12-09T01:38:42.255789838-05:00
DOGE-USD,0.446740555,1,bid,0.44425266,0.00556899,2024-12-09T01:39:42.396073209-05:00
DOGE-USD,0.44646893,1,bid,0.44395738,0.00562536,2024-12-09T01:40:42.529460192-05:00
DOGE-USD,0.44586732,1,bid,0.44343074,0.00546481,2024-12-09T01:41:42.66226934-05:00
DOGE-USD,0.446643115,1,bid,0.44419241,0.00548694,2024-12-09T01:42:42.795624092-05:00
DOGE-USD,0.447303295,1,bid,0.44485526,0.00547287,2024-12-09T01:43:42.943391622-05:00
DOGE-USD,0.44774011,1,bid,0.44526649,0.00552468,2024-12-09T01:44:43.075391779-05:00
DOGE-USD,0.44695511,1,bid,0.44448082,0.00553588,2024-12-09T01:45:43.219549347-05:00
DOGE-USD,0.447664685,1,bid,0.44517698,0.00555707,2024-12-09T01:46:43.36184006-05:00
DOGE-USD,0.44735424,1,bid,0.4449383,0.00540051,2024-12-09T01:47:43.514578765-05:00
DOGE-USD,0.44810274,1,bid,0.44565085,0.00547171,2024-12-09T01:48:43.6666234-05:00
DOGE-USD,0.447928415,1,bid,0.44542857,0.0055809,2024-12-09T01:49:44.071315072-05:00
DOGE-USD,0.44808541,1,bid,0.44562452,0.00549201,2024-12-09T01:50:44.210877987-05:00
DOGE-USD,0.44755025,1,bid,0.44505764,0.00556945,2024-12-09T01:51:44.351601592-05:00
DOGE-USD,0.446469685,1,bid,0.44397321,0.00559159,2024-12-09T01:52:44.488932524-05:00
DOGE-USD,0.44523757,1,bid,0.44275035,0.00558628,2024-12-09T01:53:44.634951971-05:00
DOGE-USD,0.446194665,1,bid,0.44372805,0.00552811,2024-12-09T01:54:44.776907651-05:00
DOGE-USD,0.446038115,1,bid,0.4435957,0.0054758,2024-12-09T01:55:44.863326058-05:00
DOGE-USD,0.44609607,1,bid,0.44364542,0.00549355,2024-12-09T01:56:45.008880993-05:00
DOGE-USD,0.446460075,1,bid,0.44399655,0.00551791,2024-12-09T01:57:45.146876585-05:00
DOGE-USD,0.446232715,1,bid,0.443751,0.00556148,2024-12-09T01:58:45.294018192-05:00
DOGE-USD,0.44552011,1,bid,0.44305866,0.00552489,2024-12-09T01:59:45.428277076-05:00
DOGE-USD,0.444583425,1,bid,0.44208016,0.00563059,2024-12-09T02:00:45.556276147-05:00
DOGE-USD,0.44533662,1,bid,0.44288928,0.00549548,2024-12-09T02:01:45.701035257-05:00
DOGE-USD,0.445464645,1,bid,0.44303193,0.00546107,2024-12-09T02:02:45.843996322-05:00
DOGE-USD,0.446092705,1,bid,0.44365193,0.00547145,2024-12-09T02:03:45.980669748-05:00
DOGE-USD,0.44541343,1,bid,0.44291912,0.00559999,2024-12-09T02:04:46.12025098-05:00
DOGE-USD,0.44433508,1,bid,0.44188512,0.00551377,2024-12-09T02:05:46.269438647-05:00
DOGE-USD,0.44451586,1,bid,0.44202219,0.00560986,2024-12-09T02:06:46.623575825-05:00
DOGE-USD,0.44399362,1,bid,0.44153011,0.00554853,2024-12-09T02:07:46.712765731-05:00
DOGE-USD,0.44266772,1,bid,0.44020752,0.00555767,2024-12-09T02:08:46.848776502-05:00
DOGE-USD,0.44278031,1,bid,0.4402838,0.00563826,2024-12-09T02:09:46.977525705-05:00
DOGE-USD,0.441734525,1,bid,0.43925631,0.00561019,2024-12-09T02:10:47.105721094-05:00
DOGE-USD,0.44215977,1,bid,0.43974354,0.00546461,2024-12-09T02:11:47.247895038-05:00
DOGE-USD,0.441688735,1,bid,0.439214,0.00560289,2024-12-09T02:12:47.39145171-05:00
DOGE-USD,0.44116035,1,bid,0.438717,0.00553846,2024-12-09T02:13:47.76616527-05:00
DOGE-USD,0.44149786,1,bid,0.43898786,0.00568519,2024-12-09T02:14:47.913004958-05:00
DOGE-USD,0.441593625,1,bid,0.43920656,0.00540557,2024-12-09T02:15:48.069045724-05:00
DOGE-USD,0.44047192,1,bid,0.43798335,0.00564978,2024-12-09T02:16:48.161427459-05:00
DOGE-USD,0.440657745,1,bid,0.438223,0.00552525,2024-12-09T02:17:48.313696684-05:00
DOGE-USD,0.44009091,1,bid,0.437628,0.00559637,2024-12-09T02:18:48.457606066-05:00
DOGE-USD,0.438987435,1,bid,0.43657788,0.00548889,2024-12-09T02:19:48.594854831-05:00
DOGE-USD,0.43992825,1,bid,0.437498,0.0055242,2024-12-09T02:20:48.736502331-05:00
DOGE-USD,0.44017864,1,bid,0.43774792,0.00552212,2024-12-09T02:21:48.903325688-05:00
DOGE-USD,0.44005195,1,bid,0.43762206,0.00552183,2024-12-09T02:22:49.210414555-05:00
DOGE-USD,0.440112675,1,bid,0.43764195,0.00561385,2024-12-09T02:23:49.362835444-05:00
DOGE-USD,0.44160998,1,bid,0.43913694,0.00560005,2024-12-09T02:24:49.527571544-05:00
DOGE-USD,0.442808745,1,bid,0.44034362,0.00556702,2024-12-09T02:25:49.67894986-05:00
DOGE-USD,0.44236835,1,bid,0.43991597,0.00554375,2024-12-09T02:26:49.829469022-05:00
DOGE-USD,0.44234969,1,bid,0.43991524,0.00550345,2024-12-09T02:27:49.966895315-05:00
DOGE-USD,0.44082554,1,bid,0.43839108,0.0055225,2024-12-09T02:28:50.107188844-05:00
DOGE-USD,0.44105694,1,bid,0.43866288,0.00542801,2024-12-09T02:29:50.245682408-05:00
DOGE-USD,0.442112485,1,bid,0.43967397,0.0055156,2024-12-09T02:30:50.384700923-05:00
DOGE-USD,0.44121404,1,bid,0.43880211,0.00546658,2024-12-09T02:31:50.524200324-05:00
DOGE-USD,0.44128491,1,bid,0.43883195,0.00555868,2024-12-09T02:32:50.6568747-05:00
DOGE-USD,0.44007514,1,bid,0.43762532,0.00556682,2024-12-09T02:33:50.802330007-05:00
DOGE-USD,0.44175292,1,bid,0.43931264,0.00552408,2024-12-09T02:34:50.945600016-05:00
DOGE-USD,0.44134098,1,bid,0.43891151,0.00550475,2024-12-09T02:35:51.081015855-05:00
DOGE-USD,0.443308455,1,bid,0.44083417,0.00558141,2024-12-09T02:36:51.227707863-05:00
DOGE-USD,0.443600075,1,bid,0.44112929,0.00556985,2024-12-09T02:37:51.385182331-05:00
DOGE-USD,0.443976715,1,bid,0.44152354,0.00552546,2024-12-09T02:38:51.521648816-05:00
DOGE-USD,0.44431444,1,bid,0.44186523,0.00551233,2024-12-09T02:39:51.659999339-05:00
DOGE-USD,0.44396069,1,bid,0.44151715,0.00550396,2024-12-09T02:40:51.808235675-05:00
DOGE-USD,0.44517447,1,bid,0.44274694,0.00545299,2024-12-09T02:41:51.952207316-05:00
DOGE-USD,0.44502235,1,bid,0.44259123,0.00546292,2024-12-09T02:42:52.091934762-05:00
DOGE-USD,0.446990695,1,bid,0.44459022,0.0053703,2024-12-09T02:43:52.234123384-05:00
DOGE-USD,0.446742375,1,bid,0.44430181,0.00546303,2024-12-09T02:44:52.383986569-05:00
DOGE-USD,0.445701705,1,bid,0.443242,0.00551872,2024-12-09T02:45:52.529450688-05:00
DOGE-USD,0.446209755,1,bid,0.44382444,0.00534573,2024-12-09T02:46:52.662942987-05:00
DOGE-USD,0.446904645,1,bid,0.4444873,0.00540908,2024-12-09T02:47:52.801099268-05:00
DOGE-USD,0.44749661,1,bid,0.44522322,0.00508024,2024-12-09T02:48:52.947113062-05:00
DOGE-USD,0.447688195,1,bid,0.44546539,0.00496507,2024-12-09T02:49:53.088545459-05:00
DOGE-USD,0.447397505,1,bid,0.44497808,0.00540777,2024-12-09T02:50:53.23526889-05:00
DOGE-USD,0.447772095,1,bid,0.44532616,0.00546246,2024-12-09T02:51:53.385312002-05:00
DOGE-USD,0.448235215,1,bid,0.4457683,0.00550362,2024-12-09T02:52:53.528391958-05:00
DOGE-USD,0.44768445,1,bid,0.44520682,0.00553432,2024-12-09T02:53:53.6725379-05:00
DOGE-USD,0.44781508,1,bid,0.44534605,0.0055135,2024-12-09T02:54:53.821610608-05:00
DOGE-USD,0.447204705,1,bid,0.4447757,0.00543153,2024-12-09T02:55:53.961146398-05:00
DOGE-USD,0.44704631,1,bid,0.44463994,0.00538282,2024-12-09T02:56:54.110433373-05:00
DOGE-USD,0.446339835,1,bid,0.44397361,0.0053014,2024-12-09T02:57:54.256733719-05:00
DOGE-USD,0.44640262,1,bid,0.443941,0.00551435,2024-12-09T02:58:54.39996587-05:00
DOGE-USD,0.446315385,1,bid,0.44389405,0.00542517,2024-12-09T02:59:54.550332735-05:00
DOGE-USD,0.446108,1,bid,0.44372154,0.00534951,2024-12-09T03:00:54.694903899-05:00
DOGE-USD,0.446004065,1,bid,0.44365537,0.00526608,2024-12-09T03:01:54.865656454-05:00
DOGE-USD,0.444577875,1,bid,0.4421403,0.0054829,2024-12-09T03:02:55.019177426-05:00
DOGE-USD,0.444726405,1,bid,0.44239233,0.00524834,2024-12-09T03:03:55.176776825-05:00
DOGE-USD,0.44532906,1,bid,0.4429592,0.00532159,2024-12-09T03:04:55.335497801-05:00
DOGE-USD,0.44430426,1,bid,0.44197124,0.00525095,2024-12-09T03:05:55.471889903-05:00
DOGE-USD,0.443055205,1,bid,0.44063852,0.00545459,2024-12-09T03:06:55.620279882-05:00
DOGE-USD,0.442858725,1,bid,0.44047616,0.00537997,2024-12-09T03:07:55.77893965-05:00
DOGE-USD,0.443838155,1,bid,0.44144753,0.00538625,2024-12-09T03:08:55.942028049-05:00
DOGE-USD,0.44426397,1,bid,0.44186523,0.00539936,2024-12-09T03:09:56.088728006-05:00
DOGE-USD,0.443433545,1,bid,0.44106962,0.00533096,2024-12-09T03:10:56.227863467-05:00
DOGE-USD,0.443624,1,bid,0.44116907,0.00553381,2024-12-09T03:11:56.375336405-05:00
DOGE-USD,0.44303211,1,bid,0.44065192,0.0053725,2024-12-09T03:12:56.512802365-05:00
DOGE-USD,0.44541849,1,bid,0.44305866,0.00529801,2024-12-09T03:13:56.656943028-05:00
DOGE-USD,0.44595285,1,bid,0.44353602,0.00541947,2024-12-09T03:14:56.809793242-05:00
DOGE-USD,0.445302435,1,bid,0.44289953,0.00539612,2024-12-09T03:15:56.946507788-05:00
DOGE-USD,0.444990145,1,bid,0.44259123,0.00539094,2024-12-09T03:16:57.105697603-05:00
DOGE-USD,0.44425788,1,bid,0.44188512,0.00534095,2024-12-09T03:17:57.242949446-05:00
DOGE-USD,0.445124975,1,bid,0.4427603,0.00531238,2024-12-09T03:18:57.389075542-05:00
DOGE-USD,0.444828095,1,bid,0.44246194,0.00531926,2024-12-09T03:19:57.527200981-05:00
DOGE-USD,0.444638075,1,bid,0.4422332,0.00540861,2024-12-09T03:20:57.687040154-05:00
DOGE-USD,0.443816215,1,bid,0.44139781,0.00544911,2024-12-09T03:21:57.837567033-05:00
DOGE-USD,0.44391677,1,bid,0.4415072,0.00542798,2024-12-09T03:22:57.97261971-05:00
DOGE-USD,0.443767515,1,bid,0.44135466,0.00543721,2024-12-09T03:23:58.119115303-05:00
DOGE-USD,0.44469328,1,bid,0.44229287,0.0053979,2024-12-09T03:24:58.259814457-05:00
DOGE-USD,0.44423716,1,bid,0.44180556,0.00547365,2024-12-09T03:25:58.40430081-05:00
DOGE-USD,0.44295347,1,bid,0.4404994,0.00554024,2024-12-09T03:26:58.556180416-05:00
DOGE-USD,0.44197911,1,bid,0.43957784,0.00543299,2024-12-09T03:27:58.72471456-05:00
DOGE-USD,0.44166297,1,bid,0.43923973,0.00548663,2024-12-09T03:28:58.869112472-05:00
DOGE-USD,0.44232681,1,bid,0.43993586,0.00540539,2024-12-09T03:29:59.026086731-05:00
DOGE-USD,0.440826875,1,bid,0.43842091,0.00545785,2024-12-09T03:30:59.166458515-05:00
DOGE-USD,0.44069922,1,bid,0.43826507,0.00552338,2024-12-09T03:31:59.303161926-05:00
DOGE-USD,0.438629015,1,bid,0.43640532,0.00506965,2024-12-09T03:32:59.449588871-05:00
DOGE-USD,0.43916868,1,bid,0.43678323,0.00543174,2024-12-09T03:33:59.586652382-05:00
DOGE-USD,0.437038685,1,bid,0.43472458,0.00529497,2024-12-09T03:35:00.299754935-05:00
DOGE-USD,0.43782264,1,bid,0.43548041,0.00534972,2024-12-09T03:36:00.457091405-05:00
DOGE-USD,0.436878595,1,bid,0.43455551,0.00531746,2024-12-09T03:37:00.612402007-05:00
DOGE-USD,0.43713511,1,bid,0.43485387,0.00521862,2024-12-09T03:38:00.767587218-05:00
DOGE-USD,0.436805515,1,bid,0.43440771,0.00548941,2024-12-09T03:39:00.91053983-05:00
DOGE-USD,0.438833305,1,bid,0.43667061,0.00492828,2024-12-09T03:40:01.052967129-05:00
DOGE-USD,0.440180415,1,bid,0.43780759,0.00539057,2024-12-09T03:41:01.196743501-05:00
DOGE-USD,0.440572545,1,bid,0.43814573,0.00550832,2024-12-09T03:42:01.336643692-05:00
DOGE-USD,0.43970434,1,bid,0.43728049,0.00551245,2024-12-09T03:43:01.492721428-05:00
DOGE-USD,0.440147735,1,bid,0.4377546,0.00543712,2024-12-09T03:44:01.64283952-05:00
DOGE-USD,0.43880754,1,bid,0.43639215,0.00550444,2024-12-09T03:45:01.796252742-05:00
DOGE-USD,0.439054335,1,bid,0.43665395,0.00546717,2024-12-09T03:46:01.962348871-05:00
DOGE-USD,0.43810011,1,bid,0.43567932,0.00552565,2024-12-09T03:47:02.123360442-05:00
DOGE-USD,0.43750041,1,bid,0.43510926,0.00546548,2024-12-09T03:48:02.271363679-05:00
DOGE-USD,0.43741859,1,bid,0.435,0.00552923,2024-12-09T03:49:02.421052878-05:00
DOGE-USD,0.43640604,1,bid,0.43400852,0.00549378,2024-12-09T03:50:02.567235684-05:00
DOGE-USD,0.436050795,1,bid,0.43365103,0.00550341,2024-12-09T03:51:02.71431193-05:00
DOGE-USD,0.43529717,1,bid,0.432929,0.00544035,2024-12-09T03:52:02.862060228-05:00
DOGE-USD,0.436609875,1,bid,0.434234,0.00544164,2024-12-09T03:53:03.012419524-05:00
DOGE-USD,0.43563447,1,bid,0.43327315,0.00542042,2024-12-09T03:54:03.157298479-05:00
DOGE-USD,0.43430727,1,bid,0.432031,0.00524115,2024-12-09T03:55:03.30694683-05:00
DOGE-USD,0.434034705,1,bid,0.43165293,0.00548752,2024-12-09T03:56:03.444476743-05:00
DOGE-USD,0.433322765,1,bid,0.431095,0.00514112,2024-12-09T03:57:03.58815727-05:00
DOGE-USD,0.4341532,1,bid,0.4318,0.00542021,2024-12-09T03:58:03.743281065-05:00
DOGE-USD,0.433480265,1,bid,0.431095,0.00550259,2024-12-09T03:59:03.89705626-05:00
DOGE-USD,0.43368092,1,bid,0.43137305,0.00532159,2024-12-09T04:00:04.044301669-05:00
DOGE-USD,0.434451815,1,bid,0.43207992,0.00545951,2024-12-09T04:01:04.186444144-05:00
DOGE-USD,0.43646584,1,bid,0.4340752,0.00547727,2024-12-09T04:02:04.326236476-05:00
DOGE-USD,0.435695745,1,bid,0.43340187,0.00526486,2024-12-09T04:03:04.468853595-05:00
DOGE-USD,0.43653144,1,bid,0.43421737,0.00530104,2024-12-09T04:04:04.611937695-05:00
DOGE-USD,0.435861815,1,bid,0.43345159,0.00552979,2024-12-09T04:05:04.780948069-05:00
DOGE-USD,0.43671321,1,bid,0.43428699,0.00555564,2024-12-09T04:06:04.924928046-05:00
DOGE-USD,0.436910765,1,bid,0.4345754,0.00534518,2024-12-09T04:07:05.070221397-05:00
DOGE-USD,0.437214645,1,bid,0.43490359,0.00528586,2024-12-09T04:08:05.211039973-05:00
DOGE-USD,0.43679718,1,bid,0.43438644,0.00551913,2024-12-09T04:09:05.362085072-05:00
DOGE-USD,0.436905085,1,bid,0.43449584,0.00551434,2024-12-09T04:10:05.51359112-05:00
DOGE-USD,0.436410735,1,bid,0.43410532,0.00528267,2024-12-09T04:11:05.655375604-05:00
DOGE-USD,0.437970035,1,bid,0.43558981,0.00543468,2024-12-09T04:12:05.815966888-05:00
DOGE-USD,0.438544085,1,bid,0.4361368,0.00548927,2024-12-09T04:13:05.973508464-05:00
DOGE-USD,0.438349835,1,bid,0.43590806,0.00557038,2024-12-09T04:14:06.119237985-05:00
DOGE-USD,0.43766017,1,bid,0.43533123,0.00532134,2024-12-09T04:15:06.265537197-05:00
DOGE-USD,0.43671048,1,bid,0.43434666,0.00541279,2024-12-09T04:16:06.422769429-05:00
DOGE-USD,0.43732611,1,bid,0.43493343,0.00547116,2024-12-09T04:17:06.565667908-05:00
DOGE-USD,0.436828895,1,bid,0.43440633,0.0055458,2024-12-09T04:18:06.706939628-05:00
DOGE-USD,0.43704974,1,bid,0.4346848,0.00541115,2024-12-09T04:19:06.844921776-05:00
DOGE-USD,0.43537119,1,bid,0.43297422,0.00550558,2024-12-09T04:20:06.935620159-05:00
DOGE-USD,0.434189465,1,bid,0.43184314,0.00540392,2024-12-09T04:21:07.073271408-05:00
DOGE-USD,0.433473605,1,bid,0.43107163,0.00554123,2024-12-09T04:22:07.225675945-05:00
DOGE-USD,0.43424999,1,bid,0.43188711,0.00544129,2024-12-09T04:23:07.380629175-05:00
DOGE-USD,0.431301825,1,bid,0.42890996,0.00554569,2024-12-09T04:24:07.534237819-05:00
DOGE-USD,0.43242136,1,bid,0.429955,0.0057036,2024-12-09T04:25:07.681911197-05:00
DOGE-USD,0.43195848,1,bid,0.42959677,0.00546745,2024-12-09T04:26:07.824762267-05:00
DOGE-USD,0.43098838,1,bid,0.42860231,0.00553627,2024-12-09T04:27:07.967664868-05:00
DOGE-USD,0.43052119,1,bid,0.42817766,0.00544347,2024-12-09T04:28:08.106840742-05:00
DOGE-USD,0.43100865,1,bid,0.42860657,0.00557316,2024-12-09T04:29:08.260986905-05:00
DOGE-USD,0.430867825,1,bid,0.42851877,0.00545192,2024-12-09T04:30:08.401821943-05:00
DOGE-USD,0.431302225,1,bid,0.42896631,0.00541596,2024-12-09T04:31:08.547695957-05:00
DOGE-USD,0.43296208,1,bid,0.43059732,0.00546182,2024-12-09T04:32:08.694722427-05:00
DOGE-USD,0.43399862,1,bid,0.43161552,0.00549103,2024-12-09T04:33:08.824115071-05:00
DOGE-USD,0.43286413,1,bid,0.43053461,0.00538164,2024-12-09T04:34:08.979639163-05:00
DOGE-USD,0.4322099,1,bid,0.42986137,0.00543377,2024-12-09T04:35:09.125710019-05:00
DOGE-USD,0.4309916,1,bid,0.42859833,0.00555294,2024-12-09T04:36:09.481190212-05:00
DOGE-USD,0.430102595,1,bid,0.42779204,0.0053721,2024-12-09T04:37:09.624581292-05:00
DOGE-USD,0.430798965,1,bid,0.4284611,0.00542681,2024-12-09T04:38:09.76163755-05:00
DOGE-USD,0.43054559,1,bid,0.42817766,0.00549984,2024-12-09T04:39:10.147116831-05:00
DOGE-USD,0.428608615,1,bid,0.42636066,0.00524477,2024-12-09T04:40:10.274737338-05:00
DOGE-USD,0.43034831,1,bid,0.42809113,0.00524501,2024-12-09T04:41:10.427112579-05:00
DOGE-USD,0.43145744,1,bid,0.42904587,0.00558936,2024-12-09T04:42:10.587972911-05:00
DOGE-USD,0.430377995,1,bid,0.42796586,0.00560469,2024-12-09T04:43:10.71004743-05:00
DOGE-USD,0.43165944,1,bid,0.42933428,0.00538656,2024-12-09T04:44:10.852883359-05:00
DOGE-USD,0.433571205,1,bid,0.43113436,0.0056204,2024-12-09T04:45:10.983483551-05:00
DOGE-USD,0.433911945,1,bid,0.43149522,0.00556962,2024-12-09T04:46:11.137056848-05:00
DOGE-USD,0.43352772,1,bid,0.43113436,0.00552066,2024-12-09T04:47:11.288662486-05:00
DOGE-USD,0.433689685,1,bid,0.43136003,0.00537171,2024-12-09T04:48:11.430948808-05:00
DOGE-USD,0.43429177,1,bid,0.43188025,0.00555276,2024-12-09T04:49:11.5803542-05:00
DOGE-USD,0.43379267,1,bid,0.4314725,0.00534857,2024-12-09T04:50:11.71769967-05:00
DOGE-USD,0.433949385,1,bid,0.4316714,0.00524943,2024-12-09T04:51:11.867688417-05:00
DOGE-USD,0.43429314,1,bid,0.43188025,0.0055559,2024-12-09T04:52:12.020944205-05:00
DOGE-USD,0.433844605,1,bid,0.43143272,0.00555933,2024-12-09T04:53:12.148423648-05:00
DOGE-USD,0.433829885,1,bid,0.43145948,0.0054639,2024-12-09T04:54:12.281796864-05:00
DOGE-USD,0.433404405,1,bid,0.43108463,0.00535245,2024-12-09T04:55:12.427811227-05:00
DOGE-USD,0.43432011,1,bid,0.43192003,0.00552606,2024-12-09T04:56:12.56030764-05:00
DOGE-USD,0.43458369,1,bid,0.43216866,0.00555711,2024-12-09T04:57:12.697470205-05:00
DOGE-USD,0.435132565,1,bid,0.43278526,0.00539446,2024-12-09T04:58:12.836006602-05:00
DOGE-USD,0.433910355,1,bid,0.431536,0.00547199,2024-12-09T04:59:12.972745159-05:00
DOGE-USD,0.433619565,1,bid,0.4312537,0.00545608,2024-12-09T05:00:13.112016827-05:00
DOGE-USD,0.434030195,1,bid,0.43164157,0.00550336,2024-12-09T05:01:13.238977514-05:00
DOGE-USD,0.434985605,1,bid,0.43257641,0.00553856,2024-12-09T05:02:13.372479076-05:00
DOGE-USD,0.43577878,1,bid,0.43334219,0.00559135,2024-12-09T05:03:13.518669203-05:00
DOGE-USD,0.435858045,1,bid,0.4334317,0.00556682,2024-12-09T05:04:13.675348294-05:00
DOGE-USD,0.436317435,1,bid,0.43385935,0.00563371,2024-12-09T05:05:13.833147596-05:00
DOGE-USD,0.43615234,1,bid,0.43375989,0.00548535,2024-12-09T05:06:13.98958704-05:00
DOGE-USD,0.436317825,1,bid,0.43385103,0.00565367,2024-12-09T05:07:21.155566225-05:00
DOGE-USD,0.437157685,1,bid,0.43471078,0.00559731,2024-12-09T05:08:21.265187844-05:00
DOGE-USD,0.437308485,1,bid,0.43487376,0.00556752,2024-12-09T05:09:21.418323381-05:00
DOGE-USD,0.43680217,1,bid,0.43431682,0.00568988,2024-12-09T05:10:21.597797981-05:00
DOGE-USD,0.436289,1,bid,0.43381956,0.0056601,2024-12-09T05:11:21.774280433-05:00
DOGE-USD,0.437092615,1,bid,0.43461518,0.00566799,2024-12-09T05:12:21.928166694-05:00
DOGE-USD,0.436207425,1,bid,0.43374995,0.00563373,2024-12-09T05:13:22.083682352-05:00
DOGE-USD,0.435552925,1,bid,0.4331234,0.00557802,2024-12-09T05:14:22.232309829-05:00
DOGE-USD,0.43585719,1,bid,0.4334317,0.00556487,2024-12-09T05:15:22.381959929-05:00
DOGE-USD,0.434883785,1,bid,0.43242724,0.00564874,2024-12-09T05:16:22.483427975-05:00
DOGE-USD,0.43470464,1,bid,0.432288,0.00555927,2024-12-09T05:17:22.628974278-05:00
DOGE-USD,0.434652175,1,bid,0.43237751,0.0052333,2024-12-09T05:18:22.798652643-05:00
DOGE-USD,0.43446947,1,bid,0.43217861,0.00527278,2024-12-09T05:19:22.95082108-05:00
DOGE-USD,0.43375508,1,bid,0.4313631,0.00551459,2024-12-09T05:20:23.110338867-05:00
DOGE-USD,0.43261877,1,bid,0.43026913,0.0054312,2024-12-09T05:21:23.25807724-05:00
DOGE-USD,0.43337857,1,bid,0.43100507,0.00547674,2024-12-09T05:22:23.414262458-05:00
DOGE-USD,0.433639875,1,bid,0.43129348,0.00541093,2024-12-09T05:23:23.562214001-05:00
DOGE-USD,0.43351696,1,bid,0.43113436,0.00549598,2024-12-09T05:24:23.659505249-05:00
DOGE-USD,0.433663455,1,bid,0.43130343,0.00544207,2024-12-09T05:25:23.823723008-05:00
DOGE-USD,0.43417375,1,bid,0.43179074,0.00548861,2024-12-09T05:26:23.974150444-05:00
DOGE-USD,0.43340148,1,bid,0.43105809,0.00540697,2024-12-09T05:27:24.144111267-05:00
DOGE-USD,0.433918955,1,bid,0.43162168,0.00529425,2024-12-09T05:28:24.238700225-05:00
DOGE-USD,0.43322007,1,bid,0.43085589,0.00545723,2024-12-09T05:29:24.378594049-05:00
DOGE-USD,0.43386828,1,bid,0.43148244,0.005499,2024-12-09T05:30:24.543810212-05:00
DOGE-USD,0.433109575,1,bid,0.43072567,0.00550416,2024-12-09T05:31:24.686016178-05:00
DOGE-USD,0.43298462,1,bid,0.43056748,0.00558251,2024-12-09T05:32:24.829510598-05:00
DOGE-USD,0.4337429,1,bid,0.43135315,0.0055096,2024-12-09T05:33:24.975796827-05:00
DOGE-USD,0.434873195,1,bid,0.43247696,0.00551019,2024-12-09T05:34:25.118841927-05:00
DOGE-USD,0.434447465,1,bid,0.43203937,0.00554289,2024-12-09T05:35:25.255471694-05:00
DOGE-USD,0.43438943,1,bid,0.43196976,0.00557028,2024-12-09T05:36:25.383970829-05:00
DOGE-USD,0.435098135,1,bid,0.43267276,0.00557432,2024-12-09T05:37:25.524848972-05:00
DOGE-USD,0.43500093,1,bid,0.43261806,0.00547785,2024-12-09T05:38:25.687416764-05:00
DOGE-USD,0.435144885,1,bid,0.43274548,0.00551404,2024-12-09T05:39:25.841838788-05:00
DOGE-USD,0.43531403,1,bid,0.43289466,0.00555776,2024-12-09T05:40:26.004540263-05:00
DOGE-USD,0.435380845,1,bid,0.43297111,0.00553477,2024-12-09T05:41:26.162636617-05:00
DOGE-USD,0.43479829,1,bid,0.43242724,0.00545322,2024-12-09T05:42:26.305169901-05:00
DOGE-USD,0.4346952,1,bid,0.4323974,0.005286,2024-12-09T05:43:26.450585575-05:00
DOGE-USD,0.43460906,1,bid,0.43224822,0.0054321,2024-12-09T05:44:26.580290564-05:00
DOGE-USD,0.43406011,1,bid,0.43166146,0.00552608,2024-12-09T05:45:26.732022849-05:00
DOGE-USD,0.43372159,1,bid,0.43132332,0.00552951,2024-12-09T05:46:26.887369001-05:00
DOGE-USD,0.433672635,1,bid,0.43124376,0.00560071,2024-12-09T05:47:27.033398331-05:00
DOGE-USD,0.434536575,1,bid,0.43213883,0.00551794,2024-12-09T05:48:27.183715453-05:00
DOGE-USD,0.434648125,1,bid,0.43223828,0.00554436,2024-12-09T05:49:27.35927767-05:00
DOGE-USD,0.435762185,1,bid,0.43338198,0.00546217,2024-12-09T05:50:27.523076765-05:00
DOGE-USD,0.43590536,1,bid,0.43351126,0.00549225,2024-12-09T05:51:27.670372927-05:00
DOGE-USD,0.43617192,1,bid,0.43378973,0.00546158,2024-12-09T05:52:27.83400246-05:00
DOGE-USD,0.436378735,1,bid,0.43397869,0.00549991,2024-12-09T05:53:27.949752827-05:00
DOGE-USD,0.43646516,1,bid,0.43408494,0.0054534,2024-12-09T05:54:28.10221754-05:00
DOGE-USD,0.43624868,1,bid,0.43388604,0.00541581,2024-12-09T05:55:28.247470977-05:00
DOGE-USD,0.43696576,1,bid,0.43466491,0.00526552,2024-12-09T05:56:28.420677225-05:00
DOGE-USD,0.437646115,1,bid,0.4352286,0.0055239,2024-12-09T05:57:28.544307197-05:00
DOGE-USD,0.43784295,1,bid,0.43539091,0.00560027,2024-12-09T05:58:28.694157187-05:00
DOGE-USD,0.43771011,1,bid,0.43529145,0.00552571,2024-12-09T05:59:28.835761133-05:00
DOGE-USD,0.43736761,1,bid,0.43489153,0.00566132,2024-12-09T06:00:29.012093677-05:00
DOGE-USD,0.43705721,1,bid,0.43458289,0.00566132,2024-12-09T06:01:29.151396377-05:00
DOGE-USD,0.43616657,1,bid,0.43369729,0.00566132,2024-12-09T06:02:29.298521635-05:00
DOGE-USD,0.435543505,1,bid,0.43307775,0.00566133,2024-12-09T06:03:29.457223649-05:00
DOGE-USD,0.43577377,1,bid,0.43330671,0.00566133,2024-12-09T06:04:29.595750318-05:00
DOGE-USD,0.434825805,1,bid,0.43237983,0.00562518,2024-12-09T06:05:29.746284953-05:00
DOGE-USD,0.43456224,1,bid,0.43210229,0.00566075,2024-12-09T06:06:29.894577321-05:00
DOGE-USD,0.43503343,1,bid,0.43257081,0.00566076,2024-12-09T06:07:30.085694182-05:00
DOGE-USD,0.434492875,1,bid,0.43203583,0.00565497,2024-12-09T06:08:30.227475319-05:00
DOGE-USD,0.434285925,1,bid,0.43182754,0.00566075,2024-12-09T06:09:30.380864959-05:00
DOGE-USD,0.43361446,1,bid,0.43126284,0.0054233,2024-12-09T06:10:30.522170754-05:00
DOGE-USD,0.43360497,1,bid,0.43119478,0.00555849,2024-12-09T06:11:30.682833259-05:00
DOGE-USD,0.43378907,1,bid,0.4313601,0.00559943,2024-12-09T06:12:30.833216205-05:00
DOGE-USD,0.43412368,1,bid,0.43169816,0.00558716,2024-12-09T06:13:30.969817152-05:00
DOGE-USD,0.434875195,1,bid,0.43244403,0.00559049,2024-12-09T06:14:31.120854725-05:00
DOGE-USD,0.43422075,1,bid,0.43176273,0.00566076,2024-12-09T06:15:31.273300115-05:00
DOGE-USD,0.43412221,1,bid,0.43170124,0.0055767,2024-12-09T06:16:31.421150017-05:00
DOGE-USD,0.434506055,1,bid,0.43204962,0.0056534,2024-12-09T06:17:31.576724565-05:00
DOGE-USD,0.43431675,1,bid,0.43187925,0.00561226,2024-12-09T06:18:31.721662443-05:00
DOGE-USD,0.433605005,1,bid,0.43117414,0.00560617,2024-12-09T06:19:31.865761751-05:00
DOGE-USD,0.434284825,1,bid,0.43186036,0.00558266,2024-12-09T06:20:32.040133601-05:00
DOGE-USD,0.434313595,1,bid,0.431907,0.00554115,2024-12-09T06:21:32.220224186-05:00
DOGE-USD,0.43381307,1,bid,0.43141283,0.00553289,2024-12-09T06:22:32.378742913-05:00
DOGE-USD,0.433827915,1,bid,0.43140362,0.00558815,2024-12-09T06:23:32.543899574-05:00
DOGE-USD,0.43293069,1,bid,0.43053765,0.00552754,2024-12-09T06:24:32.678641133-05:00
DOGE-USD,0.433292705,1,bid,0.43094235,0.0054244,2024-12-09T06:25:32.825989402-05:00
DOGE-USD,0.4347974,1,bid,0.43244713,0.00540544,2024-12-09T06:26:32.958457869-05:00
DOGE-USD,0.433574995,1,bid,0.43118409,0.0055144,2024-12-09T06:27:33.1066075-05:00
DOGE-USD,0.43340361,1,bid,0.43100202,0.00554123,2024-12-09T06:28:33.256872962-05:00
DOGE-USD,0.433095485,1,bid,0.43071666,0.00549261,2024-12-09T06:29:33.409662378-05:00
DOGE-USD,0.431814825,1,bid,0.42939395,0.00560628,2024-12-09T06:30:33.555652602-05:00
DOGE-USD,0.433285575,1,bid,0.430931,0.00543423,2024-12-09T06:31:33.698237469-05:00
DOGE-USD,0.433247055,1,bid,0.43095535,0.0052896,2024-12-09T06:32:33.827683122-05:00
DOGE-USD,0.43401176,1,bid,0.4316452,0.00545276,2024-12-09T06:33:33.962657258-05:00
DOGE-USD,0.433673305,1,bid,0.43129348,0.0054876,2024-12-09T06:34:34.12714401-05:00
DOGE-USD,0.43352147,1,bid,0.43115425,0.00546044,2024-12-09T06:35:34.2746836-05:00
DOGE-USD,0.433299895,1,bid,0.43095535,0.00541091,2024-12-09T06:36:34.41981099-05:00
DOGE-USD,0.432644385,1,bid,0.43025918,0.00551308,2024-12-09T06:37:34.557482315-05:00
DOGE-USD,0.43218097,1,bid,0.4298017,0.00550526,2024-12-09T06:38:34.704159845-05:00
DOGE-USD,0.43237508,1,bid,0.42999066,0.0055147,2024-12-09T06:39:34.845401532-05:00
DOGE-USD,0.431510055,1,bid,0.42909954,0.00558623,2024-12-09T06:40:34.978245614-05:00
DOGE-USD,0.429989965,1,bid,0.42755813,0.00565556,2024-12-09T06:41:35.109848154-05:00
DOGE-USD,0.429518065,1,bid,0.42710068,0.00562813,2024-12-09T06:42:35.247877384-05:00
DOGE-USD,0.42993992,1,bid,0.42754119,0.00557922,2024-12-09T06:43:35.386364603-05:00
DOGE-USD,0.430690415,1,bid,0.42825214,0.00566132,2024-12-09T06:44:35.526249838-05:00
DOGE-USD,0.430599435,1,bid,0.42817462,0.00563125,2024-12-09T06:45:35.660301037-05:00
DOGE-USD,0.43015938,1,bid,0.42773423,0.00563779,2024-12-09T06:46:35.813406315-05:00
DOGE-USD,0.428898425,1,bid,0.426507,0.00557574,2024-12-09T06:47:35.953849585-05:00
DOGE-USD,0.427648175,1,bid,0.42522712,0.00566132,2024-12-09T06:48:36.089586144-05:00
DOGE-USD,0.427830245,1,bid,0.42543287,0.00560357,2024-12-09T06:49:36.224182706-05:00
DOGE-USD,0.428406845,1,bid,0.42609214,0.00540305,2024-12-09T06:50:36.370126559-05:00
DOGE-USD,0.42859778,1,bid,0.42626533,0.00544205,2024-12-09T06:51:36.516238533-05:00
DOGE-USD,0.429885665,1,bid,0.427484,0.00558675,2024-12-09T06:52:36.640324889-05:00
DOGE-USD,0.43102092,1,bid,0.42859833,0.00562059,2024-12-09T06:53:36.794841889-05:00
DOGE-USD,0.43080407,1,bid,0.42839943,0.00558175,2024-12-09T06:54:36.945368984-05:00
DOGE-USD,0.431523555,1,bid,0.42911548,0.0055804,2024-12-09T06:55:37.090735084-05:00
