symbol,price,quantity,side,ask_inclusive_of_buy_spread,buy_spread,timestamp
ETH-USD,3981.72526515295,1,ask,4003.3099481,0.00542094,2024-12-08T12:19:38.055122629-05:00
ETH-USD,3982.549813563346,1,ask,4004.14472737,0.00542238,2024-12-08T12:20:38.188095949-05:00
ETH-USD,3980.323288425828,1,ask,4002.07286558,0.00546427,2024-12-08T12:21:38.331441088-05:00
ETH-USD,3984.07171931739,1,ask,4005.53267362,0.00538669,2024-12-08T12:22:38.480976809-05:00
ETH-USD,3989.590819345,1,ask,4011.20514969,0.00541768,2024-12-08T12:23:38.622861536-05:00
ETH-USD,3990.32204187,1,ask,4011.94941074,0.00541996,2024-12-08T12:24:38.768345143-05:00
ETH-USD,3992.46313091399,1,ask,4014.11179084,0.00542238,2024-12-08T12:25:38.896895204-05:00
ETH-USD,3990.82679709258,1,ask,4012.41205951,0.00540872,2024-12-08T12:26:39.010565946-05:00
ETH-USD,3990.014536460184,1,ask,4011.54710747,0.00539661,2024-12-08T12:27:39.143665469-05:00
ETH-USD,3987.809265730812,1,ask,4009.49536079,0.0054381,2024-12-08T12:28:39.297280069-05:00
ETH-USD,3987.437245121212,1,ask,4009.12323027,0.00543858,2024-12-08T12:29:39.434390156-05:00
ETH-USD,3987.819229930384,1,ask,4009.51547596,0.00544063,2024-12-08T12:30:39.582731579-05:00
ETH-USD,3988.256054607262,1,ask,4009.8775489,0.00542129,2024-12-08T12:31:39.724721237-05:00
ETH-USD,3991.879315413522,1,ask,4013.39770253,0.00539054,2024-12-08T12:32:39.903121393-05:00
ETH-USD,3990.081472588738,1,ask,4011.68791362,0.00541504,2024-12-08T12:33:40.034815513-05:00
ETH-USD,3992.281382425556,1,ask,4013.93075437,0.00542281,2024-12-08T12:34:40.132556314-05:00
ETH-USD,3990.601017816998,1,ask,4012.24108061,0.00542276,2024-12-08T12:35:40.294967347-05:00
ETH-USD,3988.852103145,1,ask,4010.54134929,0.00543747,2024-12-08T12:36:40.422628319-05:00
ETH-USD,3987.313080138734,1,ask,4009.01259687,0.00544214,2024-12-08T12:37:40.548952348-05:00
ETH-USD,3986.560413144598,1,ask,4008.25827824,0.00544275,2024-12-08T12:38:40.725364011-05:00
ETH-USD,3989.305082310282,1,ask,4010.91347982,0.00541658,2024-12-08T12:39:40.869781248-05:00
ETH-USD,3989.891285443926,1,ask,4011.50687714,0.00541759,2024-12-08T12:40:41.010507842-05:00
ETH-USD,3989.086359549948,1,ask,4010.66204027,0.00540868,2024-12-08T12:41:41.154040185-05:00
ETH-USD,3986.825607182474,1,ask,4008.41919955,0.00541624,2024-12-08T12:42:41.323994509-05:00
ETH-USD,3984.407904487662,1,ask,4005.89474656,0.00539273,2024-12-08T12:43:41.458724743-05:00
ETH-USD,3987.450579240984,1,ask,4009.03271203,0.00541251,2024-12-08T12:44:41.597730724-05:00
ETH-USD,3986.615920242352,1,ask,4008.31862373,0.00544389,2024-12-08T12:45:41.687123706-05:00
ETH-USD,3988.623412361256,1,ask,4010.21950668,0.00541442,2024-12-08T12:46:41.819064378-05:00
ETH-USD,3987.692081983098,1,ask,4009.44507288,0.00545503,2024-12-08T12:47:41.963948755-05:00
ETH-USD,3989.544845883586,1,ask,4011.24538002,0.00543935,2024-12-08T12:48:42.079048487-05:00
ETH-USD,3986.32546906684,1,ask,4007.87609014,0.00540614,2024-12-08T12:49:42.219858291-05:00
ETH-USD,3984.524668396798,1,ask,4005.86457382,0.0053557,2024-12-08T12:50:42.350704311-05:00
ETH-USD,3987.75779623236,1,ask,4009.37466981,0.00542081,2024-12-08T12:51:42.471835075-05:00
ETH-USD,3990.205240370428,1,ask,4012.04998656,0.00547459,2024-12-08T12:52:42.603954998-05:00
ETH-USD,3988.487309364662,1,ask,4010.23962184,0.00545378,2024-12-08T12:53:42.704633545-05:00
ETH-USD,3987.040103636496,1,ask,4008.91202105,0.00548575,2024-12-08T12:54:42.837200101-05:00
ETH-USD,3989.017583274198,1,ask,4010.7022706,0.0054361,2024-12-08T12:55:42.98386256-05:00
ETH-USD,3988.94547311,1,ask,4010.47094622,0.00539628,2024-12-08T12:56:43.0785876-05:00
ETH-USD,3989.351368314948,1,ask,4010.9235374,0.00540744,2024-12-08T12:57:43.236423968-05:00
ETH-USD,3989.976921730564,1,ask,4011.65774087,0.00543382,2024-12-08T12:58:43.393296656-05:00
ETH-USD,3987.866145815,1,ask,4009.47524563,0.00541871,2024-12-08T12:59:43.553845708-05:00
ETH-USD,3987.738122296598,1,ask,4009.45513047,0.00544595,2024-12-08T13:00:43.714620749-05:00
ETH-USD,3990.058098036336,1,ask,4011.70802878,0.00542597,2024-12-08T13:01:43.854615212-05:00
ETH-USD,3988.486830266693,1,ask,4010.40043415685,0.00549421,2024-12-08T13:02:44.000541457-05:00
ETH-USD,3987.93584178526,1,ask,4009.62482365088,0.00543865,2024-12-08T13:03:44.160666658-05:00
ETH-USD,3987.103890462472,1,ask,4008.9421938,0.00547723,2024-12-08T13:04:44.324184293-05:00
ETH-USD,3987.077959580833,1,ask,4008.96768371383,0.00549017,2024-12-08T13:05:44.45028584-05:00
ETH-USD,3982.807605644132,1,ask,4004.52691547,0.00545327,2024-12-08T13:06:44.590958226-05:00
ETH-USD,3985.746326335612,1,ask,4007.37321106,0.00542606,2024-12-08T13:07:44.737407806-05:00
ETH-USD,3983.634180877748,1,ask,4005.19071585,0.00541127,2024-12-08T13:08:44.866524941-05:00
ETH-USD,3985.517291909398,1,ask,4007.39332622,0.00548888,2024-12-08T13:09:45.040203112-05:00
ETH-USD,3987.616085477788,1,ask,4009.20369092,0.00541366,2024-12-08T13:10:45.170381314-05:00
ETH-USD,3986.001207454398,1,ask,4007.67493851,0.00543746,2024-12-08T13:11:45.340246693-05:00
ETH-USD,3985.892186078446,1,ask,4007.54418995,0.00543216,2024-12-08T13:12:45.482794113-05:00
ETH-USD,3984.259908965302,1,ask,4005.67347977,0.00537454,2024-12-08T13:13:45.637416264-05:00
ETH-USD,3982.398419114268,1,ask,4003.8027696,0.00537474,2024-12-08T13:14:45.784617897-05:00
ETH-USD,3982.443726913742,1,ask,4003.95363332,0.00540118,2024-12-08T13:15:45.943162746-05:00
ETH-USD,3983.86865449782,1,ask,4005.57290395,0.00544803,2024-12-08T13:16:46.082011965-05:00
ETH-USD,3981.91714287693,1,ask,4003.50104215,0.00542048,2024-12-08T13:17:46.228184411-05:00
ETH-USD,3981.128057725,1,ask,4002.79701145,0.00544292,2024-12-08T13:18:46.380391584-05:00
ETH-USD,3978.235362193982,1,ask,4000.0613493,0.00548635,2024-12-08T13:19:46.511079544-05:00
ETH-USD,3977.97333639879,1,ask,3999.75962186,0.00547673,2024-12-08T13:20:46.661394513-05:00
ETH-USD,3978.132921535,1,ask,3999.97083107,0.00548949,2024-12-08T13:21:46.801534302-05:00
ETH-USD,3975.275651888606,1,ask,3996.84292328,0.00542535,2024-12-08T13:22:46.945582714-05:00
ETH-USD,3972.159650001834,1,ask,3993.85582166,0.00546206,2024-12-08T13:23:47.080104473-05:00
ETH-USD,3972.215733567666,1,ask,3993.79547617,0.00543267,2024-12-08T13:24:47.460496503-05:00
ETH-USD,3971.865085353184,1,ask,3993.39317293,0.00542015,2024-12-08T13:25:47.616957106-05:00
ETH-USD,3970.464380186888,1,ask,3992.09574496,0.00544807,2024-12-08T13:26:47.780324889-05:00
ETH-USD,3970.25789082969,1,ask,3991.80407511,0.0054269,2024-12-08T13:27:47.924028613-05:00
ETH-USD,3973.7821065,1,ask,3995.689201,0.00551291,2024-12-08T13:28:48.065831862-05:00
ETH-USD,3972.929433587403,1,ask,3994.86390451383,0.00552098,2024-12-08T13:29:48.205575946-05:00
ETH-USD,3972.973356400612,1,ask,3994.940441611224,0.00552913,2024-12-08T13:30:48.353804895-05:00
ETH-USD,3972.00897852919,1,ask,3993.77536101,0.00547994,2024-12-08T13:31:48.512216299-05:00
ETH-USD,3969.321999314516,1,ask,3991.16038992,0.00550179,2024-12-08T13:32:48.678556437-05:00
ETH-USD,3972.023850731648,1,ask,3993.87593682,0.0055015,2024-12-08T13:33:48.81870643-05:00
ETH-USD,3973.201853053125,1,ask,3995.10063110625,0.00551162,2024-12-08T13:34:48.975053216-05:00
ETH-USD,3973.369534926186,1,ask,3995.12307689,0.00547483,2024-12-08T13:35:49.11861426-05:00
ETH-USD,3976.198789297432,1,ask,3997.85873899,0.0054474,2024-12-08T13:36:49.258521565-05:00
ETH-USD,3975.131100335,1,ask,3996.95355667,0.00548975,2024-12-08T13:37:49.405700682-05:00
ETH-USD,3973.265869978438,1,ask,3995.227068666876,0.00552724,2024-12-08T13:38:49.551707174-05:00
ETH-USD,3974.01952830038,1,ask,3995.78687725,0.00547741,2024-12-08T13:39:49.703244163-05:00
ETH-USD,3974.303976790982,1,ask,3996.11877743,0.00548896,2024-12-08T13:40:49.862507869-05:00
ETH-USD,3975.1447091882,1,ask,3997.0948797864,0.00552185,2024-12-08T13:41:50.032511479-05:00
ETH-USD,3975.89028386204,1,ask,3997.79715372408,0.00550993,2024-12-08T13:42:50.177974768-05:00
ETH-USD,3975.933697605,1,ask,3997.787603,0.00549655,2024-12-08T13:43:50.332336784-05:00
ETH-USD,3976.925910140064,1,ask,3998.790218,0.00549779,2024-12-08T13:44:50.470022521-05:00
ETH-USD,3977.069803537392,1,ask,3998.938227074784,0.00549863,2024-12-08T13:45:50.615393412-05:00
ETH-USD,3976.198125061444,1,ask,3998.01966029,0.00548804,2024-12-08T13:46:50.754619539-05:00
ETH-USD,3975.30635267836,1,ask,3997.18488104,0.00550361,2024-12-08T13:47:50.860596028-05:00
ETH-USD,3975.0202905,1,ask,3996.934431,0.00551296,2024-12-08T13:48:51.00447544-05:00
ETH-USD,3975.727003219748,1,ask,3997.49666606,0.00547564,2024-12-08T13:49:51.149383281-05:00
ETH-USD,3976.438212514948,1,ask,3998.185109,0.00546894,2024-12-08T13:50:51.292798164-05:00
ETH-USD,3975.26754576087,1,ask,3997.08430523,0.00548812,2024-12-08T13:51:51.43970955-05:00
ETH-USD,3975.471025154642,1,ask,3997.21505379,0.00546955,2024-12-08T13:52:51.592842529-05:00
ETH-USD,3975.288784685324,1,ask,3997.21505379,0.00551564,2024-12-08T13:53:51.7593925-05:00
ETH-USD,3976.115463441252,1,ask,3998.06994819,0.00552159,2024-12-08T13:54:51.903555097-05:00
ETH-USD,3975.090215777518,1,ask,3996.85298086,0.00547479,2024-12-08T13:55:52.04458835-05:00
ETH-USD,3973.63147727612,1,ask,3995.4483028385,0.0054904,2024-12-08T13:56:52.181785171-05:00
ETH-USD,3973.210372836974,1,ask,3995.08284656,0.00550499,2024-12-08T13:57:52.326634452-05:00
ETH-USD,3975.248533666528,1,ask,3996.94349909,0.00545751,2024-12-08T13:58:52.475780292-05:00
ETH-USD,3971.76989588878,1,ask,3993.61477977756,0.00550004,2024-12-08T13:59:52.627348295-05:00
ETH-USD,3969.79948299222,1,ask,3991.39171429,0.00543912,2024-12-08T14:00:52.838973271-05:00
ETH-USD,3971.654443877826,1,ask,3993.42334567,0.00548107,2024-12-08T14:01:52.983839179-05:00
ETH-USD,3975.168990265,1,ask,3996.81275053,0.00544474,2024-12-08T14:02:53.135690474-05:00
ETH-USD,3974.911489290002,1,ask,3996.73228988,0.00548963,2024-12-08T14:03:53.291417286-05:00
ETH-USD,3976.120082736382,1,ask,3997.84868141,0.00546477,2024-12-08T14:04:53.442653918-05:00
ETH-USD,3976.178979555024,1,ask,3998.06994819,0.00550553,2024-12-08T14:05:53.584076375-05:00
ETH-USD,3978.597985629968,1,ask,4000.40330707,0.00548065,2024-12-08T14:06:53.72863742-05:00
ETH-USD,3976.353262975914,1,ask,3998.29121498,0.0055171,2024-12-08T14:07:53.865705058-05:00
ETH-USD,3977.814067144928,1,ask,3999.45789442,0.00544114,2024-12-08T14:08:54.00241215-05:00
ETH-USD,3977.394061395,1,ask,3999.25674279,0.00549674,2024-12-08T14:09:54.154850966-05:00
ETH-USD,3975.181458526994,1,ask,3997.168378463988,0.00553105,2024-12-08T14:10:54.298339298-05:00
ETH-USD,3973.73212593152,1,ask,3995.31417093,0.00543118,2024-12-08T14:11:54.45260829-05:00
ETH-USD,3971.775918284436,1,ask,3993.70495794,0.00552122,2024-12-08T14:12:54.599782417-05:00
ETH-USD,3970.475494701998,1,ask,3992.40752998,0.00552378,2024-12-08T14:13:54.740282048-05:00
ETH-USD,3969.873653451318,1,ask,3991.71355688,0.00550141,2024-12-08T14:14:54.884263227-05:00
ETH-USD,3970.799578737894,1,ask,3992.6086816,0.00549237,2024-12-08T14:15:55.016182484-05:00
ETH-USD,3969.256296200718,1,ask,3991.04975653,0.00549057,2024-12-08T14:16:55.161199557-05:00
ETH-USD,3967.53328540287,1,ask,3989.18910404,0.00545826,2024-12-08T14:17:55.294968811-05:00
ETH-USD,3970.084868839696,1,ask,3991.97637037922,0.00551411,2024-12-08T14:18:55.453672114-05:00
ETH-USD,3969.306767251917,1,ask,3991.06378066741,0.00548131,2024-12-08T14:19:55.604103255-05:00
ETH-USD,3972.552039534073,1,ask,3994.21966327229,0.00545433,2024-12-08T14:20:56.00278919-05:00
ETH-USD,3973.572274218949,1,ask,3995.30439136369,0.00546916,2024-12-08T14:21:56.139236448-05:00
ETH-USD,3973.913583008428,1,ask,3995.866014506856,0.00552413,2024-12-08T14:22:56.280920962-05:00
ETH-USD,3972.76490215715,1,ask,3994.53978024074,0.00548104,2024-12-08T14:23:56.416144256-05:00
ETH-USD,3972.320523345464,1,ask,3994.15954316952,0.0054978,2024-12-08T14:24:56.567673239-05:00
ETH-USD,3971.946380107928,1,ask,3993.66472762,0.00546794,2024-12-08T14:25:56.712247507-05:00
ETH-USD,3971.146196430476,1,ask,3992.93933269562,0.00548787,2024-12-08T14:26:56.872252931-05:00
ETH-USD,3972.491535357606,1,ask,3994.27824007,0.00548439,2024-12-08T14:27:57.029293543-05:00
ETH-USD,3972.281653141782,1,ask,3993.82564892,0.00542358,2024-12-08T14:28:57.183330358-05:00
ETH-USD,3973.018792426208,1,ask,3994.72077364,0.00546234,2024-12-08T14:29:57.336643861-05:00
ETH-USD,3975.77284359,1,ask,3997.32568718,0.00542105,2024-12-08T14:30:57.495213476-05:00
ETH-USD,3978.553576784142,1,ask,4000.46365256,0.00550705,2024-12-08T14:31:57.64757366-05:00
ETH-USD,3987.880480666714,1,ask,4009.38472739,0.0053924,2024-12-08T14:32:57.816489373-05:00
ETH-USD,3987.386350711214,1,ask,4009.216126,0.00547471,2024-12-08T14:33:57.973313944-05:00
ETH-USD,3984.547646743386,1,ask,4006.297942,0.00545866,2024-12-08T14:34:58.144872648-05:00
ETH-USD,3985.622630491218,1,ask,4007.57431,0.00550772,2024-12-08T14:35:58.345117347-05:00
ETH-USD,3987.581869583974,1,ask,4009.60599419,0.00552318,2024-12-08T14:36:58.516389326-05:00
ETH-USD,3990.048478305026,1,ask,4011.919238,0.00548133,2024-12-08T14:37:58.672783105-05:00
ETH-USD,3988.655967625482,1,ask,4010.681356,0.00552201,2024-12-08T14:38:58.845680456-05:00
ETH-USD,3988.204672244322,1,ask,4010.13904602,0.00549981,2024-12-08T14:39:58.988390582-05:00
ETH-USD,3987.0613948,1,ask,4009.032034,0.00551048,2024-12-08T14:40:59.135223153-05:00
ETH-USD,3988.234415951434,1,ask,4010.11893086,0.00548727,2024-12-08T14:41:59.27162289-05:00
ETH-USD,3991.940754495174,1,ask,4013.85029371,0.00548844,2024-12-08T14:42:59.417939567-05:00
ETH-USD,3991.742987955,1,ask,4013.710339,0.0055032,2024-12-08T14:43:59.568812319-05:00
ETH-USD,3989.067535661802,1,ask,4011.034649,0.00550683,2024-12-08T14:44:59.721040285-05:00
ETH-USD,3990.510733399674,1,ask,4012.5107681744,0.00551309,2024-12-08T14:45:59.873555068-05:00
ETH-USD,3991.834845885243,1,ask,4013.73263028429,0.00548564,2024-12-08T14:47:00.0196651-05:00
ETH-USD,3991.406671905,1,ask,4013.395787,0.00550911,2024-12-08T14:48:00.175659753-05:00
ETH-USD,3989.82299296523,1,ask,4011.75460593046,0.00549689,2024-12-08T14:49:00.318364665-05:00
ETH-USD,3987.491451979985,1,ask,4009.43379995997,0.00550279,2024-12-08T14:50:00.482176917-05:00
ETH-USD,3988.500395409447,1,ask,4010.47975098429,0.00551068,2024-12-08T14:51:00.628421098-05:00
ETH-USD,3987.619927468986,1,ask,4009.4350153,0.0054707,2024-12-08T14:52:00.765161827-05:00
ETH-USD,3988.044925020288,1,ask,4009.80714583,0.00545686,2024-12-08T14:53:01.910492833-05:00
ETH-USD,3987.330774248926,1,ask,4009.19363334,0.00548308,2024-12-08T14:54:02.052491895-05:00
ETH-USD,3987.173812530914,1,ask,4009.00253929,0.00547474,2024-12-08T14:55:02.204752496-05:00
ETH-USD,3989.415214662186,1,ask,4010.97382531,0.00540395,2024-12-08T14:56:02.349991142-05:00
ETH-USD,3990.4192998,1,ask,4012.3617716,0.00549879,2024-12-08T14:57:02.502345634-05:00
ETH-USD,3990.961588307684,1,ask,4012.7952654524,0.00547078,2024-12-08T14:58:02.645177921-05:00
ETH-USD,3993.538684186654,1,ask,4015.52990989,0.0055067,2024-12-08T14:59:02.80209208-05:00
ETH-USD,3993.460841546528,1,ask,4015.21812485,0.00544823,2024-12-08T15:00:02.949372749-05:00
ETH-USD,3991.282741129362,1,ask,4013.00545683,0.00544254,2024-12-08T15:01:03.099572194-05:00
ETH-USD,3993.542209648202,1,ask,4015.32875825,0.00545544,2024-12-08T15:02:03.249431582-05:00
ETH-USD,3994.527123585914,1,ask,4016.280097,0.00544569,2024-12-08T15:03:03.392694245-05:00
ETH-USD,3988.59460075915,1,ask,4010.430218,0.00547451,2024-12-08T15:04:03.54010798-05:00
ETH-USD,3990.954720920144,1,ask,4012.73390212,0.00545714,2024-12-08T15:05:03.685773005-05:00
ETH-USD,3989.395386842309,1,ask,4011.28802903583,0.00548771,2024-12-08T15:06:03.815820001-05:00
ETH-USD,3989.413516977579,1,ask,4011.22561850183,0.0054675,2024-12-08T15:07:03.967827882-05:00
ETH-USD,3989.119402405094,1,ask,4010.830097,0.00544248,2024-12-08T15:08:04.08311414-05:00
ETH-USD,3989.204867305238,1,ask,4010.76261609,0.00540402,2024-12-08T15:09:04.24850814-05:00
ETH-USD,3990.623839216616,1,ask,4012.24108061,0.00541701,2024-12-08T15:10:04.380998764-05:00
ETH-USD,3990.541459477349,1,ask,4012.32963999491,0.00545996,2024-12-08T15:11:04.533521519-05:00
ETH-USD,3988.610058322852,1,ask,4010.36434325854,0.0054541,2024-12-08T15:12:04.672079408-05:00
ETH-USD,3990.274484678085,1,ask,4012.10134235617,0.00547001,2024-12-08T15:13:04.812745931-05:00
ETH-USD,3987.633522944703,1,ask,4009.39209487883,0.00545651,2024-12-08T15:14:04.953579015-05:00
ETH-USD,3988.44980994,1,ask,4009.99823988,0.00540271,2024-12-08T15:15:05.084223341-05:00
ETH-USD,3986.785872786132,1,ask,4008.57006328,0.0054641,2024-12-08T15:16:05.207001061-05:00
ETH-USD,3986.274215213586,1,ask,4008.15123638624,0.00548809,2024-12-08T15:17:06.364082342-05:00
ETH-USD,3985.213668980515,1,ask,4007.14687622103,0.00550365,2024-12-08T15:18:06.526045267-05:00
ETH-USD,3987.361357124234,1,ask,4008.98242413,0.0054224,2024-12-08T15:19:06.66088507-05:00
ETH-USD,3987.57719038233,1,ask,4009.29721376466,0.00544692,2024-12-08T15:20:06.800064357-05:00
ETH-USD,3989.442259451845,1,ask,4011.24473690369,0.00546504,2024-12-08T15:21:06.937331956-05:00
ETH-USD,3989.443956097454,1,ask,4011.22362567348,0.00545932,2024-12-08T15:22:07.107467611-05:00
ETH-USD,3988.703999460933,1,ask,4010.51663007267,0.0054686,2024-12-08T15:23:07.244833095-05:00
ETH-USD,3988.73961734925,1,ask,4010.4863425625,0.00545203,2024-12-08T15:24:07.371046549-05:00
ETH-USD,3991.510985205196,1,ask,4013.35262793998,0.00547202,2024-12-08T15:25:07.519440106-05:00
ETH-USD,3991.500013533389,1,ask,4013.18651768429,0.00543317,2024-12-08T15:26:07.682781005-05:00
ETH-USD,3989.5455739893,1,ask,4011.4739383286,0.00549646,2024-12-08T15:27:07.835472714-05:00
ETH-USD,3990.157686567865,1,ask,4012.00530241175,0.00547538,2024-12-08T15:28:07.978625949-05:00
ETH-USD,3990.569457837942,1,ask,4012.42423224716,0.00547661,2024-12-08T15:29:08.126278037-05:00
ETH-USD,3989.839439027081,1,ask,4011.68929428429,0.00547637,2024-12-08T15:30:08.262474144-05:00
ETH-USD,3987.377521155702,1,ask,4009.20047104568,0.00547301,2024-12-08T15:31:09.415956737-05:00
ETH-USD,3986.246943275901,1,ask,4008.18663491063,0.00550385,2024-12-08T15:32:09.5631822-05:00
ETH-USD,3986.861934753835,1,ask,4008.63744088429,0.00546182,2024-12-08T15:33:09.69741538-05:00
ETH-USD,3987.608183456624,1,ask,4009.42897284676,0.00547215,2024-12-08T15:34:09.831936846-05:00
ETH-USD,3987.295502420103,1,ask,4009.18977851383,0.00549101,2024-12-08T15:35:09.982070431-05:00
ETH-USD,3988.707306011772,1,ask,4010.5246579785,0.00546978,2024-12-08T15:36:10.11286635-05:00
ETH-USD,3989.244564268572,1,ask,4011.19517013524,0.00550245,2024-12-08T15:37:10.236806795-05:00
ETH-USD,3986.055387257093,1,ask,4007.73283368429,0.00543832,2024-12-08T15:38:10.36132906-05:00
ETH-USD,3990.709520387508,1,ask,4012.48619834512,0.00545684,2024-12-08T15:39:10.510640585-05:00
ETH-USD,3989.460340644325,1,ask,4011.31317528865,0.00547764,2024-12-08T15:40:10.654342336-05:00
ETH-USD,3987.527135817572,1,ask,4009.34449707,0.0054714,2024-12-08T15:41:10.789914555-05:00
ETH-USD,3986.754082951232,1,ask,4008.51977537,0.0054595,2024-12-08T15:42:10.942077701-05:00
ETH-USD,3987.903689300914,1,ask,4009.69651243,0.00546473,2024-12-08T15:43:11.091808575-05:00
ETH-USD,3989.12596642314,1,ask,4010.93359498,0.00546677,2024-12-08T15:44:11.22624152-05:00
ETH-USD,3988.411336111998,1,ask,4010.23862,0.00547268,2024-12-08T15:45:11.373354021-05:00
ETH-USD,3987.669712769648,1,ask,4009.663293,0.0055154,2024-12-08T15:46:11.524619222-05:00
ETH-USD,3988.345596855265,1,ask,4010.20425765741,0.00548063,2024-12-08T15:47:11.681482162-05:00
ETH-USD,3986.828773057214,1,ask,4008.69698105814,0.00548511,2024-12-08T15:48:11.82080386-05:00
ETH-USD,3987.152696272155,1,ask,4008.96151854431,0.00546977,2024-12-08T15:49:11.996807593-05:00
ETH-USD,3989.479786741539,1,ask,4011.15777716755,0.00543379,2024-12-08T15:50:12.146597284-05:00
ETH-USD,3988.007529584395,1,ask,4009.87990326879,0.00548454,2024-12-08T15:51:12.285051581-05:00
ETH-USD,3987.38534090767,1,ask,4009.29376833998,0.00549443,2024-12-08T15:52:12.42368881-05:00
ETH-USD,3988.840466897869,1,ask,4010.79166328429,0.00550315,2024-12-08T15:53:12.563951934-05:00
ETH-USD,3986.836298316455,1,ask,4008.73104107291,0.00549176,2024-12-08T15:54:12.699439124-05:00
ETH-USD,3987.26119091642,1,ask,4009.21279950284,0.00550544,2024-12-08T15:55:12.832687726-05:00
ETH-USD,3982.898301538674,1,ask,4004.6147460994,0.00545242,2024-12-08T15:56:12.953922573-05:00
ETH-USD,3983.144406156887,1,ask,4005.04186718429,0.00549753,2024-12-08T15:57:13.092688901-05:00
ETH-USD,3980.838810210816,1,ask,4002.55862,0.00545609,2024-12-08T15:58:13.267862876-05:00
ETH-USD,3980.10093722096,1,ask,4001.9018867,0.00547749,2024-12-08T15:59:13.415942632-05:00
ETH-USD,3979.85876088699,1,ask,4001.68801910632,0.00548493,2024-12-08T16:00:13.564969044-05:00
ETH-USD,3981.684005833652,1,ask,4003.417942,0.00545848,2024-12-08T16:01:13.713119412-05:00
ETH-USD,3982.604680151833,1,ask,4004.43467781453,0.00548134,2024-12-08T16:02:13.867289582-05:00
ETH-USD,3984.547359431604,1,ask,4006.34733773,0.00547113,2024-12-08T16:03:14.010282255-05:00
ETH-USD,3982.867596843098,1,ask,4004.673813686196,0.005475,2024-12-08T16:04:14.152344281-05:00
ETH-USD,3982.9101387,1,ask,4004.817603,0.00550037,2024-12-08T16:05:14.304994771-05:00
ETH-USD,3982.028123472462,1,ask,4004.02403639,0.0055238,2024-12-08T16:06:14.446721961-05:00
ETH-USD,3980.658418375,1,ask,4002.52545675,0.00549332,2024-12-08T16:07:14.593902595-05:00
ETH-USD,3981.251366466536,1,ask,4002.93781759,0.00544714,2024-12-08T16:08:14.736075385-05:00
ETH-USD,3979.374528653656,1,ask,4001.25820149,0.00549927,2024-12-08T16:09:14.865522173-05:00
ETH-USD,3980.15382363,1,ask,4002.03263526,0.00549698,2024-12-08T16:10:15.012029268-05:00
ETH-USD,3980.258378814676,1,ask,4002.207385,0.00551447,2024-12-08T16:11:15.142768214-05:00
ETH-USD,3980.869217762748,1,ask,4002.48522642,0.00542997,2024-12-08T16:12:15.289696777-05:00
ETH-USD,3979.713256073171,1,ask,4001.49621623005,0.0054735,2024-12-08T16:13:15.432418125-05:00
ETH-USD,3978.605580618204,1,ask,4000.42573556084,0.00548437,2024-12-08T16:14:15.583378448-05:00
ETH-USD,3978.649509535921,1,ask,4000.40749730651,0.00546869,2024-12-08T16:15:15.717079388-05:00
ETH-USD,3980.013092152356,1,ask,4001.580097,0.00541883,2024-12-08T16:16:15.863134954-05:00
ETH-USD,3979.588685209528,1,ask,4001.37889246,0.00547549,2024-12-08T16:17:16.006087109-05:00
ETH-USD,3982.165295176388,1,ask,4003.97374848,0.00547653,2024-12-08T16:18:16.158352291-05:00
ETH-USD,3984.013510472798,1,ask,4005.91385973638,0.00549706,2024-12-08T16:19:16.301061666-05:00
ETH-USD,3984.04424373587,1,ask,4005.99532238,0.00550975,2024-12-08T16:20:16.452626423-05:00
ETH-USD,3985.322579493802,1,ask,4006.97090779,0.00543201,2024-12-08T16:21:16.588320619-05:00
ETH-USD,3985.330539647002,1,ask,4007.23240492,0.00549562,2024-12-08T16:22:16.682537681-05:00
ETH-USD,3986.86878159199,1,ask,4008.58012086,0.00544571,2024-12-08T16:23:16.823130904-05:00
ETH-USD,3987.12464399398,1,ask,4008.74104216,0.00542155,2024-12-08T16:24:16.963279163-05:00
ETH-USD,3986.575273269018,1,ask,4008.34879648,0.00546171,2024-12-08T16:25:17.090880835-05:00
ETH-USD,3986.742080555,1,ask,4008.54994811,0.0054701,2024-12-08T16:26:17.226402572-05:00
ETH-USD,3987.96957406025,1,ask,4009.63616694,0.00543299,2024-12-08T16:27:17.369386635-05:00
ETH-USD,3986.898117399064,1,ask,4008.63040877,0.00545093,2024-12-08T16:28:17.51182033-05:00
ETH-USD,3986.21258011452,1,ask,4008.07724177,0.00548507,2024-12-08T16:29:17.663101869-05:00
ETH-USD,3989.430034757996,1,ask,4011.17497694,0.00545064,2024-12-08T16:30:17.825687872-05:00
ETH-USD,3990.475133467918,1,ask,4012.28131094,0.00546456,2024-12-08T16:31:17.963024457-05:00
ETH-USD,3990.903784423046,1,ask,4012.39194434,0.00538428,2024-12-08T16:32:18.10105365-05:00
ETH-USD,3992.225450728368,1,ask,4014.11179084,0.00548224,2024-12-08T16:33:18.232537345-05:00
ETH-USD,3993.959225630278,1,ask,4015.68077362,0.0054386,2024-12-08T16:34:18.378012892-05:00
ETH-USD,3994.448257703262,1,ask,4016.33451644,0.00547917,2024-12-08T16:35:18.515837279-05:00
ETH-USD,3994.949112650224,1,ask,4016.73403979968,0.00545312,2024-12-08T16:36:18.657975897-05:00
ETH-USD,3995.12265009441,1,ask,4016.72676214,0.00540762,2024-12-08T16:37:18.808513877-05:00
ETH-USD,3995.565336785964,1,ask,4017.20952608,0.00541705,2024-12-08T16:38:18.96438808-05:00
ETH-USD,3995.802205327808,1,ask,4017.77275067,0.00549841,2024-12-08T16:39:19.116472524-05:00
ETH-USD,3995.317478626736,1,ask,4017.10895026,0.00545425,2024-12-08T16:40:19.249515922-05:00
ETH-USD,3995.067626749404,1,ask,4016.97820169,0.00548441,2024-12-08T16:41:19.393392641-05:00
ETH-USD,3995.082153955154,1,ask,4017.01843202,0.00549082,2024-12-08T16:42:19.539305237-05:00
ETH-USD,3993.872065153928,1,ask,4015.75117669,0.00547817,2024-12-08T16:43:19.687811732-05:00
ETH-USD,3992.67150674613,1,ask,4014.54426686,0.00547823,2024-12-08T16:44:19.834138486-05:00
ETH-USD,3993.030887411678,1,ask,4014.98680046,0.00549856,2024-12-08T16:45:19.982887201-05:00
ETH-USD,3991.12143560168,1,ask,4012.94511134,0.00546806,2024-12-08T16:46:20.134145956-05:00
ETH-USD,3991.358408304754,1,ask,4013.23678122,0.00548144,2024-12-08T16:47:20.29453871-05:00
ETH-USD,3989.87818484985,1,ask,4011.79854702,0.00549399,2024-12-08T16:48:20.435419119-05:00
ETH-USD,3989.58238629,1,ask,4011.37612858,0.00546266,2024-12-08T16:49:20.580348939-05:00
ETH-USD,3989.6018019904,1,ask,4011.21520727,0.00541743,2024-12-08T16:50:20.725849951-05:00
ETH-USD,3990.399626321994,1,ask,4012.15056238,0.00545082,2024-12-08T16:51:20.901723388-05:00
ETH-USD,3990.933314269132,1,ask,4012.62326872,0.00543481,2024-12-08T16:52:21.0437745-05:00
ETH-USD,3991.336453228408,1,ask,4013.18649331,0.00547437,2024-12-08T16:53:21.187899367-05:00
ETH-USD,3991.621108029404,1,ask,4013.32729945,0.00543794,2024-12-08T16:54:21.331280896-05:00
ETH-USD,3991.534273465358,1,ask,4013.44799044,0.00549005,2024-12-08T16:55:21.478517215-05:00
ETH-USD,3990.381460635,1,ask,4012.32154127,0.00549824,2024-12-08T16:56:21.855531098-05:00
ETH-USD,3992.596373214487,1,ask,4014.48163868925,0.00548146,2024-12-08T16:57:22.022769621-05:00
ETH-USD,3994.138990564452,1,ask,4016.10319206,0.00549911,2024-12-08T16:58:22.165152703-05:00
ETH-USD,3994.32492677089,1,ask,4016.38754931178,0.00552349,2024-12-08T16:59:22.313910902-05:00
ETH-USD,3993.949285821826,1,ask,4015.82862,0.00547812,2024-12-08T17:00:22.450940954-05:00
ETH-USD,3992.497364495074,1,ask,4014.38334555,0.00548178,2024-12-08T17:01:22.598759986-05:00
ETH-USD,3995.419834686122,1,ask,4017.34027464,0.00548639,2024-12-08T17:02:22.742084019-05:00
ETH-USD,3993.677089392145,1,ask,4015.55279878429,0.00547759,2024-12-08T17:03:22.866707331-05:00
ETH-USD,3996.048289233032,1,ask,4018.01378338402,0.0054968,2024-12-08T17:04:23.009355083-05:00
ETH-USD,3995.234235393557,1,ask,4017.24144126919,0.00550836,2024-12-08T17:05:23.150814877-05:00
ETH-USD,3994.864792516974,1,ask,4016.73091799404,0.00547356,2024-12-08T17:06:23.290793817-05:00
ETH-USD,3995.401515154817,1,ask,4017.34256009567,0.00549157,2024-12-08T17:07:23.445623057-05:00
ETH-USD,3999.90843732,1,ask,4021.944649,0.00550918,2024-12-08T17:08:23.588161441-05:00
ETH-USD,3998.592660572141,1,ask,4020.47824148429,0.00547332,2024-12-08T17:09:23.730108428-05:00
ETH-USD,3998.042622492522,1,ask,4019.92493044216,0.00547326,2024-12-08T17:10:23.891477635-05:00
ETH-USD,3998.642921644858,1,ask,4020.36274573066,0.0054318,2024-12-08T17:11:24.032871879-05:00
ETH-USD,3997.942120453717,1,ask,4019.57833659271,0.00541184,2024-12-08T17:12:24.188358431-05:00
ETH-USD,3998.677870999379,1,ask,4020.26186785215,0.00539778,2024-12-08T17:13:24.332287839-05:00
ETH-USD,3996.69050052017,1,ask,4018.27962104034,0.00540175,2024-12-08T17:14:24.480686792-05:00
ETH-USD,3998.82078267661,1,ask,4020.64802474914,0.00545842,2024-12-08T17:15:24.622227762-05:00
ETH-USD,3999.83703436043,1,ask,4021.51554241618,0.00541985,2024-12-08T17:16:24.772115601-05:00
ETH-USD,3998.836596811945,1,ask,4020.58261262389,0.00543809,2024-12-08T17:17:24.917494034-05:00
ETH-USD,3998.004879053382,1,ask,4019.7301195625,0.00543402,2024-12-08T17:18:25.057915638-05:00
ETH-USD,3998.328445870284,1,ask,4020.11152322052,0.00544805,2024-12-08T17:19:25.203928903-05:00
ETH-USD,3998.723332303165,1,ask,4020.57025558429,0.00546347,2024-12-08T17:20:25.352622281-05:00
ETH-USD,3998.480090930856,1,ask,4020.12627603872,0.0054136,2024-12-08T17:21:25.494043756-05:00
ETH-USD,3999.222194365375,1,ask,4021.06142741109,0.00546087,2024-12-08T17:22:25.633786507-05:00
ETH-USD,3999.396960722935,1,ask,4021.11354593665,0.00542996,2024-12-08T17:23:25.779261006-05:00
ETH-USD,4000.30189578048,1,ask,4022.18400684132,0.00547011,2024-12-08T17:24:25.948472591-05:00
ETH-USD,4000.638659218282,1,ask,4022.47500233974,0.00545821,2024-12-08T17:25:26.114596835-05:00
ETH-USD,4000.804491881133,1,ask,4022.69312968197,0.00547106,2024-12-08T17:26:26.249180013-05:00
ETH-USD,4000.792481221073,1,ask,4022.59053133665,0.00544843,2024-12-08T17:27:26.397335954-05:00
ETH-USD,4000.792022221191,1,ask,4022.65176854949,0.00546385,2024-12-08T17:28:26.540959498-05:00
ETH-USD,4001.045894531114,1,ask,4022.78474491582,0.00543329,2024-12-08T17:29:26.684740052-05:00
ETH-USD,4000.77801304744,1,ask,4022.78510609488,0.0055007,2024-12-08T17:30:26.827465248-05:00
ETH-USD,4000.834450308746,1,ask,4022.82856859586,0.00549738,2024-12-08T17:31:26.973776005-05:00
ETH-USD,4000.785145484493,1,ask,4022.66265908279,0.00546831,2024-12-08T17:32:27.104936931-05:00
ETH-USD,4000.873172370022,1,ask,4022.7955706757,0.0054794,2024-12-08T17:33:27.256905571-05:00
ETH-USD,4001.282164557868,1,ask,4023.09252841024,0.00545084,2024-12-08T17:34:27.418972897-05:00
ETH-USD,4003.408930096744,1,ask,4025.19524629,0.00544194,2024-12-08T17:35:27.566967723-05:00
ETH-USD,4002.901937,1,ask,4024.79,0.00546805,2024-12-08T17:36:27.707126966-05:00
ETH-USD,4001.711541743098,1,ask,4023.69,0.00549226,2024-12-08T17:37:27.87301008-05:00
ETH-USD,4002.364342658674,1,ask,4024.1270526075,0.00543746,2024-12-08T17:38:28.007078046-05:00
ETH-USD,4003.357093420048,1,ask,4025.298741,0.00548081,2024-12-08T17:39:28.147719764-05:00
ETH-USD,4003.346545785889,1,ask,4025.20581493345,0.00546025,2024-12-08T17:40:28.311537674-05:00
ETH-USD,4003.558249273098,1,ask,4025.21536146,0.00540947,2024-12-08T17:41:28.424605189-05:00
ETH-USD,4003.019362025,1,ask,4024.993511,0.00548939,2024-12-08T17:42:28.578709451-05:00
ETH-USD,4003.290010961661,1,ask,4025.24079380863,0.00548319,2024-12-08T17:43:28.724034587-05:00
ETH-USD,4001.650420175072,1,ask,4023.476465,0.00545426,2024-12-08T17:44:28.870402791-05:00
ETH-USD,4002.273801103208,1,ask,4024.121961347,0.00545894,2024-12-08T17:45:28.969469329-05:00
ETH-USD,4001.266595606369,1,ask,4023.12493973853,0.00546286,2024-12-08T17:46:29.118601397-05:00
ETH-USD,4001.70197616417,1,ask,4023.40499665,0.00542345,2024-12-08T17:47:29.288221818-05:00
ETH-USD,4003.409346215112,1,ask,4025.29582212,0.00546696,2024-12-08T17:48:29.434905803-05:00
ETH-USD,4003.213091767873,1,ask,4025.10359105545,0.00546823,2024-12-08T17:49:29.60501226-05:00
ETH-USD,4003.948848234571,1,ask,4025.73060255715,0.00544007,2024-12-08T17:50:29.7558061-05:00
ETH-USD,4005.31933486653,1,ask,4027.243293,0.00547371,2024-12-08T17:51:29.884190685-05:00
ETH-USD,4004.756588057466,1,ask,4026.702494,0.00547996,2024-12-08T17:52:30.02212239-05:00
ETH-USD,4005.130901426178,1,ask,4027.0657455303,0.00547669,2024-12-08T17:53:30.187973436-05:00
ETH-USD,4006.87749214,1,ask,4028.661477,0.00543665,2024-12-08T17:54:30.315383208-05:00
ETH-USD,4007.920706655698,1,ask,4029.67477,0.00542777,2024-12-08T17:55:30.450747577-05:00
ETH-USD,4012.934102427848,1,ask,4034.93494254862,0.00548248,2024-12-08T17:56:30.609230181-05:00
ETH-USD,4013.185713700618,1,ask,4035.18881506168,0.0054827,2024-12-08T17:57:30.755143691-05:00
ETH-USD,4013.176697113185,1,ask,4035.07305902637,0.00545612,2024-12-08T17:58:30.887887214-05:00
ETH-USD,4014.02301371993,1,ask,4035.69761319714,0.00539972,2024-12-08T17:59:31.275184483-05:00
ETH-USD,4014.628881326123,1,ask,4036.49093862937,0.0054456,2024-12-08T18:00:31.431763658-05:00
ETH-USD,4006.848495714835,1,ask,4028.40882235317,0.00538087,2024-12-08T18:01:31.589352975-05:00
ETH-USD,4006.926288795286,1,ask,4028.35013112446,0.0053467,2024-12-08T18:02:31.740390759-05:00
ETH-USD,4006.318168470265,1,ask,4027.90090973053,0.00538718,2024-12-08T18:03:31.906012793-05:00
ETH-USD,4007.426042373514,1,ask,4028.8734165559,0.00535191,2024-12-08T18:04:32.059086249-05:00
ETH-USD,4006.312236661723,1,ask,4027.44117409355,0.00527391,2024-12-08T18:05:32.204379514-05:00
ETH-USD,4005.119577127765,1,ask,4026.52809201147,0.00534529,2024-12-08T18:06:32.333334169-05:00
ETH-USD,4007.147028126274,1,ask,4028.48051368688,0.00532386,2024-12-08T18:07:32.476892798-05:00
ETH-USD,4008.979293677888,1,ask,4030.43687871974,0.00535238,2024-12-08T18:08:32.616109103-05:00
ETH-USD,4007.18003193306,1,ask,4028.5951258797,0.00534418,2024-12-08T18:09:32.75335722-05:00
ETH-USD,4004.409794587423,1,ask,4025.61376566639,0.00529516,2024-12-08T18:10:32.903239369-05:00
ETH-USD,4003.735064612431,1,ask,4025.30715859279,0.00538799,2024-12-08T18:11:33.039308975-05:00
ETH-USD,3999.570358541721,1,ask,4020.43362488429,0.00521638,2024-12-08T18:12:33.18535097-05:00
ETH-USD,4001.187616233944,1,ask,4021.93105663978,0.00518432,2024-12-08T18:13:33.331480237-05:00
ETH-USD,4000.899409751899,1,ask,4021.87110288429,0.00524174,2024-12-08T18:14:33.465053357-05:00
ETH-USD,3999.999346508195,1,ask,4021.19148048639,0.00529803,2024-12-08T18:15:33.614660998-05:00
ETH-USD,3998.499272234498,1,ask,4019.8412677828,0.0053375,2024-12-08T18:16:33.757273021-05:00
ETH-USD,3998.012281370838,1,ask,4019.04605351178,0.00526106,2024-12-08T18:17:33.906637514-05:00
ETH-USD,3996.260333729079,1,ask,4017.57226732947,0.00533297,2024-12-08T18:18:34.055459069-05:00
ETH-USD,3999.107718245062,1,ask,4020.03315040648,0.00523253,2024-12-08T18:19:34.214027315-05:00
ETH-USD,4002.317851381489,1,ask,4023.86850435257,0.00538454,2024-12-08T18:20:34.368643089-05:00
ETH-USD,4008.06322141861,1,ask,4029.57058994684,0.00536603,2024-12-08T18:21:34.521163053-05:00
ETH-USD,4005.527485112005,1,ask,4026.68477443489,0.00528202,2024-12-08T18:22:34.665622117-05:00
ETH-USD,4006.379898195555,1,ask,4027.38425475453,0.00524273,2024-12-08T18:23:34.809155558-05:00
ETH-USD,4006.142138297152,1,ask,4027.17697868226,0.00525065,2024-12-08T18:24:34.956265961-05:00
ETH-USD,4005.279794477937,1,ask,4026.32370935823,0.00525404,2024-12-08T18:25:35.106219042-05:00
ETH-USD,4003.651838677753,1,ask,4024.65055783979,0.00524489,2024-12-08T18:26:35.247945829-05:00
ETH-USD,4003.273841380213,1,ask,4024.66520535573,0.00534347,2024-12-08T18:27:35.400454978-05:00
ETH-USD,4003.887079333959,1,ask,4025.36606342049,0.00536453,2024-12-08T18:28:35.530033692-05:00
ETH-USD,3999.464417297328,1,ask,4020.8229295366,0.00534034,2024-12-08T18:29:35.666956252-05:00
ETH-USD,3997.29689319091,1,ask,4018.73991238182,0.00536438,2024-12-08T18:30:36.047029303-05:00
ETH-USD,3992.921598014567,1,ask,4014.86328942381,0.00549515,2024-12-08T18:31:36.433353186-05:00
ETH-USD,3994.052370918488,1,ask,4015.51795485726,0.00537439,2024-12-08T18:32:36.58447182-05:00
ETH-USD,3994.925907617671,1,ask,4016.28721539601,0.00534711,2024-12-08T18:33:36.726139227-05:00
ETH-USD,3995.654809291628,1,ask,4017.09636724076,0.00536622,2024-12-08T18:34:36.873361451-05:00
ETH-USD,3996.3080398554,1,ask,4017.62852025766,0.00533504,2024-12-08T18:35:37.025241199-05:00
ETH-USD,3996.104555456674,1,ask,4017.5757816823,0.00537304,2024-12-08T18:36:37.171215446-05:00
ETH-USD,3996.52018380336,1,ask,4017.96040431682,0.00536472,2024-12-08T18:37:37.315676768-05:00
ETH-USD,3994.744128100167,1,ask,4016.07874270487,0.00534067,2024-12-08T18:38:37.483327024-05:00
ETH-USD,3993.240805562853,1,ask,4014.76488941593,0.00539013,2024-12-08T18:39:37.631580875-05:00
ETH-USD,3995.195384606989,1,ask,4016.54224853409,0.00534313,2024-12-08T18:40:37.78533823-05:00
ETH-USD,3994.605742031986,1,ask,4015.82530608524,0.00531205,2024-12-08T18:41:37.924314625-05:00
ETH-USD,3994.510094198132,1,ask,4016.03062688312,0.00538753,2024-12-08T18:42:38.296971286-05:00
ETH-USD,3995.755837973679,1,ask,4017.05682973989,0.0053309,2024-12-08T18:43:38.472458718-05:00
ETH-USD,3993.068475585923,1,ask,4014.43435910497,0.00535074,2024-12-08T18:44:38.617579506-05:00
ETH-USD,3994.15029995122,1,ask,4015.60057866566,0.00537042,2024-12-08T18:45:38.776381056-05:00
ETH-USD,3994.75704536661,1,ask,4016.3524287275,0.00540593,2024-12-08T18:46:38.918835132-05:00
ETH-USD,3995.004461784253,1,ask,4016.41212793431,0.00535861,2024-12-08T18:47:39.062324395-05:00
ETH-USD,3994.425989406719,1,ask,4015.86621517327,0.00536754,2024-12-08T18:48:39.224296127-05:00
ETH-USD,3997.390896864135,1,ask,4019.03449757317,0.00541443,2024-12-08T18:49:39.379864362-05:00
ETH-USD,4001.331894842145,1,ask,4023.02117468429,0.00542052,2024-12-08T18:50:39.527727871-05:00
ETH-USD,4007.00721896749,1,ask,4028.90602536492,0.00546513,2024-12-08T18:51:39.663635149-05:00
ETH-USD,4011.452810897308,1,ask,4033.17771623576,0.00541572,2024-12-08T18:52:39.822548419-05:00
ETH-USD,4014.70680260062,1,ask,4036.41234620124,0.00540651,2024-12-08T18:53:39.971438979-05:00
ETH-USD,4017.83160292153,1,ask,4039.73320584306,0.0054511,2024-12-08T18:54:40.121547592-05:00
ETH-USD,4018.048172797609,1,ask,4039.86618364271,0.00543,2024-12-08T18:55:40.275216506-05:00
ETH-USD,4016.82160803,1,ask,4038.68094006,0.00544195,2024-12-08T18:56:40.40815902-05:00
ETH-USD,4010.34783971223,1,ask,4032.06371233,0.00541496,2024-12-08T18:57:40.551949541-05:00
ETH-USD,4005.695018880744,1,ask,4027.20638568,0.0053702,2024-12-08T18:58:40.706996047-05:00
ETH-USD,4007.882118559402,1,ask,4029.59985097,0.00541876,2024-12-08T18:59:40.851693128-05:00
ETH-USD,4006.357655396676,1,ask,4027.90028948,0.00537711,2024-12-08T19:00:40.999596002-05:00
ETH-USD,4003.374533839468,1,ask,4025.23529663,0.00546058,2024-12-08T19:01:41.161439701-05:00
ETH-USD,4001.728135673016,1,ask,4023.34,0.00540063,2024-12-08T19:02:41.313027832-05:00
ETH-USD,3995.77250511849,1,ask,4017.43139319,0.00542045,2024-12-08T19:03:41.467988389-05:00
ETH-USD,4002.76280635,1,ask,4024.59,0.00545303,2024-12-08T19:04:41.612428085-05:00
ETH-USD,3996.694233096079,1,ask,4018.54591779967,0.00546744,2024-12-08T19:05:41.755479114-05:00
ETH-USD,3996.96979209059,1,ask,4018.98173918118,0.00550716,2024-12-08T19:06:41.903266034-05:00
ETH-USD,3996.861825671076,1,ask,4018.71863498,0.00546849,2024-12-08T19:07:42.031773513-05:00
ETH-USD,3997.040454482666,1,ask,4018.93,0.00547644,2024-12-08T19:08:42.183960221-05:00
ETH-USD,3999.55118947179,1,ask,4021.25289227,0.00542603,2024-12-08T19:09:42.338612222-05:00
ETH-USD,4002.671971878916,1,ask,4024.653943757832,0.00549182,2024-12-08T19:10:42.48831963-05:00
ETH-USD,4002.136609669608,1,ask,4023.95083252976,0.00545064,2024-12-08T19:11:42.633181636-05:00
ETH-USD,3999.478966274835,1,ask,4021.56297998967,0.00552172,2024-12-08T19:12:42.795859364-05:00
ETH-USD,4001.897669012216,1,ask,4023.83089557146,0.00548071,2024-12-08T19:13:42.933413712-05:00
ETH-USD,4002.62324479674,1,ask,4024.68636859348,0.00551217,2024-12-08T19:14:43.072617632-05:00
ETH-USD,4003.199370786295,1,ask,4025.19566657259,0.00549468,2024-12-08T19:15:43.229008162-05:00
ETH-USD,3997.434232309608,1,ask,4019.252954,0.00545818,2024-12-08T19:16:43.377082243-05:00
ETH-USD,3992.881378134908,1,ask,4014.61,0.00544184,2024-12-08T19:17:43.544696834-05:00
ETH-USD,3992.5944031176,1,ask,4014.323293,0.0054423,2024-12-08T19:18:43.712464238-05:00
ETH-USD,3992.69834962873,1,ask,4014.48954,0.00545776,2024-12-08T19:19:43.862433309-05:00
ETH-USD,3989.247211014342,1,ask,4011.06558036,0.00546929,2024-12-08T19:20:44.02730601-05:00
ETH-USD,3995.893884770772,1,ask,4017.880097,0.0055022,2024-12-08T19:21:44.16618827-05:00
ETH-USD,3991.293494119882,1,ask,4013.02661274,0.00544513,2024-12-08T19:22:44.318680766-05:00
ETH-USD,3988.399358947512,1,ask,4010.37167661,0.00550906,2024-12-08T19:23:44.483041981-05:00
ETH-USD,3986.75951921776,1,ask,4008.32013507,0.00540806,2024-12-08T19:24:44.637365423-05:00
ETH-USD,3986.604311146118,1,ask,4008.21956931,0.00542197,2024-12-08T19:25:44.801581693-05:00
ETH-USD,3981.107208440046,1,ask,4002.7689051,0.00544112,2024-12-08T19:26:44.960927937-05:00
ETH-USD,3984.38551651188,1,ask,4006.19819751,0.00547454,2024-12-08T19:27:45.126866153-05:00
ETH-USD,3979.285814366714,1,ask,4001.24030556,0.00551719,2024-12-08T19:28:45.285954245-05:00
ETH-USD,3981.378094715,1,ask,4003.42258253,0.0055369,2024-12-08T19:29:45.442552903-05:00
ETH-USD,3979.742737664098,1,ask,4001.56211599,0.00548261,2024-12-08T19:30:45.605541076-05:00
ETH-USD,3984.452368075,1,ask,4006.34904615,0.00549553,2024-12-08T19:31:45.774827957-05:00
ETH-USD,3982.393475062602,1,ask,4004.18862,0.00547288,2024-12-08T19:32:45.929999337-05:00
ETH-USD,3982.965007605298,1,ask,4004.9008992,0.00550743,2024-12-08T19:33:46.089215117-05:00
ETH-USD,3966.230006565,1,ask,3987.55330613,0.00537621,2024-12-08T19:34:46.250398771-05:00
ETH-USD,3967.49171262288,1,ask,3989.27056824576,0.00548933,2024-12-08T19:35:46.419517017-05:00
ETH-USD,3964.2297865412,1,ask,3985.76,0.00543112,2024-12-08T19:36:46.564274037-05:00
ETH-USD,3967.40099987166,1,ask,3989.19587135,0.00549349,2024-12-08T19:37:46.71268646-05:00
ETH-USD,3965.0263366508,1,ask,3986.35862,0.00538011,2024-12-08T19:38:46.866483238-05:00
ETH-USD,3962.38591101622,1,ask,3984.015365,0.00545869,2024-12-08T19:39:47.027094494-05:00
ETH-USD,3962.31539621,1,ask,3983.44408542,0.00533241,2024-12-08T19:40:47.184871433-05:00
ETH-USD,3967.55996726868,1,ask,3988.88414868,0.00537463,2024-12-08T19:41:47.339665103-05:00
ETH-USD,3964.231292715,1,ask,3985.96803343,0.00548322,2024-12-08T19:42:47.492489009-05:00
ETH-USD,3959.24858150642,1,ask,3980.80952618,0.00544572,2024-12-08T19:43:47.64342029-05:00
ETH-USD,3964.494287353275,1,ask,3986.18925596,0.00547232,2024-12-08T19:44:47.813191878-05:00
ETH-USD,3971.14879563,1,ask,3992.77565426,0.005446,2024-12-08T19:45:47.976049633-05:00
ETH-USD,3971.332727685,1,ask,3993.00693237,0.00545767,2024-12-08T19:46:48.131801722-05:00
ETH-USD,3971.58849258272,1,ask,3993.22815491,0.00544862,2024-12-08T19:47:48.30791366-05:00
ETH-USD,3975.495095723605,1,ask,3997.23027182,0.00546729,2024-12-08T19:48:48.459175845-05:00
ETH-USD,3974.06321881128,1,ask,3995.58115831,0.00541459,2024-12-08T19:49:48.614991097-05:00
ETH-USD,3970.17295920698,1,ask,3991.60920814,0.00539932,2024-12-08T19:50:48.766428033-05:00
ETH-USD,3970.99007137,1,ask,3992.41365374,0.00539502,2024-12-08T19:51:48.921263566-05:00
ETH-USD,3970.90548624752,1,ask,3992.61476514,0.00546709,2024-12-08T19:52:49.079867414-05:00
ETH-USD,3968.802155015,1,ask,3990.37237303,0.00543494,2024-12-08T19:53:49.242459932-05:00
ETH-USD,3968.345431695,1,ask,3989.84948339,0.0054189,2024-12-08T19:54:49.398628917-05:00
ETH-USD,3962.48887341196,1,ask,3983.93680834,0.00541274,2024-12-08T19:55:49.539953875-05:00
ETH-USD,3965.531831652,1,ask,3987.09425725,0.00543746,2024-12-08T19:56:49.675821596-05:00
ETH-USD,3966.98741923,1,ask,3988.49198146,0.00542088,2024-12-08T19:57:49.824589734-05:00
ETH-USD,3971.153995055,1,ask,3992.82593211,0.00545734,2024-12-08T19:58:49.956567933-05:00
ETH-USD,3974.062589,1,ask,3995.752103,0.00545777,2024-12-08T19:59:50.125506882-05:00
ETH-USD,3975.61130448,1,ask,3997.17999396,0.00542525,2024-12-08T20:00:50.28231204-05:00
ETH-USD,3980.94267153,1,ask,4002.63011306,0.00544782,2024-12-08T20:01:50.43352661-05:00
ETH-USD,3978.31794634712,1,ask,4000.30727631,0.00552729,2024-12-08T20:02:50.58120304-05:00
ETH-USD,3979.61166542442,1,ask,4001.27662384884,0.00544399,2024-12-08T20:03:50.733750503-05:00
ETH-USD,3981.140653315,1,ask,4002.64016863,0.00540034,2024-12-08T20:04:50.872413032-05:00
ETH-USD,3980.871713535,1,ask,4002.48933507,0.00543037,2024-12-08T20:05:51.0049045-05:00
ETH-USD,3980.44787813,1,ask,4002.08711226,0.00543638,2024-12-08T20:06:51.14250227-05:00
ETH-USD,3980.274537925,1,ask,4001.88600085,0.00542964,2024-12-08T20:07:51.306655091-05:00
ETH-USD,3977.66952978262,1,ask,3999.34194156,0.00544852,2024-12-08T20:08:51.714076334-05:00
ETH-USD,3976.90276041396,1,ask,3998.33638454,0.00538953,2024-12-08T20:09:51.870974477-05:00
ETH-USD,3971.606414605,1,ask,3993.12759921,0.00541876,2024-12-08T20:10:52.012314023-05:00
ETH-USD,3970.71450042258,1,ask,3992.33320918,0.00544454,2024-12-08T20:11:52.172521465-05:00
ETH-USD,3969.2029533414,1,ask,3990.49303987,0.00536382,2024-12-08T20:12:52.31698506-05:00
ETH-USD,3969.55135209372,1,ask,3990.95559609,0.00539211,2024-12-08T20:13:52.456445237-05:00
ETH-USD,3969.22594845908,1,ask,3990.65392899,0.00539853,2024-12-08T20:14:52.607512904-05:00
ETH-USD,3966.16814086888,1,ask,3987.63725802,0.00541306,2024-12-08T20:15:52.741836496-05:00
ETH-USD,3964.91445822624,1,ask,3986.43058964,0.00542663,2024-12-08T20:16:52.887946415-05:00
ETH-USD,3963.72956912104,1,ask,3985.13342114,0.00539993,2024-12-08T20:17:53.041454108-05:00
ETH-USD,3960.06490535698,1,ask,3981.30224909,0.00536288,2024-12-08T20:18:53.181436568-05:00
ETH-USD,3956.44104472874,1,ask,3977.97385557,0.00544247,2024-12-08T20:19:53.312420685-05:00
ETH-USD,3961.612962185,1,ask,3982.93125137,0.00538121,2024-12-08T20:20:53.442542403-05:00
ETH-USD,3958.643298215,1,ask,3980.19613643,0.0054445,2024-12-08T20:21:53.587138449-05:00
ETH-USD,3961.65080486444,1,ask,3983.00164036,0.00538938,2024-12-08T20:22:53.735533707-05:00
ETH-USD,3964.376245515,1,ask,3985.76692203,0.00539572,2024-12-08T20:23:53.876712276-05:00
ETH-USD,3962.72145014518,1,ask,3984.13791973,0.00540449,2024-12-08T20:24:54.011309347-05:00
ETH-USD,3966.841778035,1,ask,3988.22048107,0.00538935,2024-12-08T20:25:54.158924793-05:00
ETH-USD,3965.1971929155,1,ask,3986.78253458,0.0054437,2024-12-08T20:26:54.3051733-05:00
ETH-USD,3968.99113130622,1,ask,3990.23159505,0.0053516,2024-12-08T20:27:54.43573692-05:00
ETH-USD,3970.2876303574,1,ask,3991.59915257,0.00536775,2024-12-08T20:28:54.569880739-05:00
ETH-USD,3971.829322895,1,ask,3993.06726579,0.00534714,2024-12-08T20:29:54.696227099-05:00
ETH-USD,3970.88308010288,1,ask,3992.25276462,0.00538159,2024-12-08T20:30:54.842701996-05:00
ETH-USD,3975.233857795,1,ask,3996.76771559,0.005417,2024-12-08T20:31:54.989145218-05:00
ETH-USD,3972.68648466688,1,ask,3993.93204481,0.00534791,2024-12-08T20:32:55.150714624-05:00
ETH-USD,3973.2822105487,1,ask,3994.44487889,0.00532624,2024-12-08T20:33:55.314348082-05:00
ETH-USD,3972.798929095,1,ask,3994.34432319,0.00542323,2024-12-08T20:34:55.466317352-05:00
ETH-USD,3972.85922543704,1,ask,3994.68174387408,0.0054929,2024-12-08T20:35:55.631677236-05:00
ETH-USD,3966.4018224376,1,ask,3988.2336448752,0.00550419,2024-12-08T20:36:55.778498138-05:00
ETH-USD,3961.552219955,1,ask,3983.22511791,0.00547081,2024-12-08T20:37:56.214615055-05:00
ETH-USD,3964.83382087,1,ask,3986.42342874,0.00544527,2024-12-08T20:38:56.352470108-05:00
ETH-USD,3961.42592497574,1,ask,3983.18488759,0.00549271,2024-12-08T20:39:56.509533033-05:00
ETH-USD,3963.3412963,1,ask,3985.1058856,0.00549147,2024-12-08T20:40:56.680906042-05:00
ETH-USD,3960.89249626138,1,ask,3982.68200853,0.00550116,2024-12-08T20:41:56.809897732-05:00
ETH-USD,3960.8411693845,1,ask,3982.491477,0.00546609,2024-12-08T20:42:56.944119938-05:00
ETH-USD,3954.23736623578,1,ask,3975.8026231,0.00545371,2024-12-08T20:43:57.081144768-05:00
ETH-USD,3957.1667091396,1,ask,3978.8447742792,0.00547818,2024-12-08T20:44:57.21945053-05:00
ETH-USD,3956.426029,1,ask,3978.2,0.00550344,2024-12-08T20:45:57.35937282-05:00
ETH-USD,3954.60698326726,1,ask,3976.4584736226,0.00552558,2024-12-08T20:46:57.527432997-05:00
ETH-USD,3948.55407248246,1,ask,3969.98291496492,0.00542701,2024-12-08T20:47:57.704149464-05:00
ETH-USD,3950.139979,1,ask,3971.38313,0.00537782,2024-12-08T20:48:57.859128429-05:00
ETH-USD,3951.0410825,1,ask,3972.38863,0.00540302,2024-12-08T20:49:57.997262339-05:00
ETH-USD,3949.400229425,1,ask,3970.95510785,0.00545776,2024-12-08T20:50:58.134442776-05:00
ETH-USD,3950.88291314504,1,ask,3972.10144276,0.00537058,2024-12-08T20:51:58.281768084-05:00
ETH-USD,3948.40464426,1,ask,3969.81882852,0.0054235,2024-12-08T20:52:58.419626284-05:00
ETH-USD,3949.13261249064,1,ask,3970.45232939,0.00539858,2024-12-08T20:53:58.565062941-05:00
ETH-USD,3952.83525846458,1,ask,3974.23322348,0.00541332,2024-12-08T20:54:58.71599975-05:00
ETH-USD,3950.9072580747,1,ask,3972.4835544,0.0054611,2024-12-08T20:55:58.86760855-05:00
ETH-USD,3948.49337429204,1,ask,3970.02999548,0.00545439,2024-12-08T20:56:59.015435002-05:00
ETH-USD,3949.15131576312,1,ask,3970.60316293,0.00543201,2024-12-08T20:57:59.174119335-05:00
ETH-USD,3948.647424345,1,ask,3970.35177369,0.00549665,2024-12-08T20:58:59.31181719-05:00
ETH-USD,3948.11443743,1,ask,3969.57749486,0.00543628,2024-12-08T20:59:59.453885829-05:00
ETH-USD,3943.59234657134,1,ask,3964.55976583,0.00531683,2024-12-08T21:00:59.600057915-05:00
ETH-USD,3950.01310521,1,ask,3971.68916442,0.00548759,2024-12-08T21:01:59.737258763-05:00
ETH-USD,3948.3804939,1,ask,3969.8590508,0.00543984,2024-12-08T21:02:59.909383672-05:00
ETH-USD,3946.03318373344,1,ask,3967.52615873,0.00544673,2024-12-08T21:04:00.053948901-05:00
ETH-USD,3945.8049332541,1,ask,3967.24460279,0.00543354,2024-12-08T21:05:00.203002818-05:00
ETH-USD,3942.884049375,1,ask,3964.25809875,0.00542092,2024-12-08T21:06:00.352479496-05:00
ETH-USD,3950.404748915,1,ask,3971.74949783,0.00540318,2024-12-08T21:07:00.525211329-05:00
ETH-USD,3955.11447086,1,ask,3976.72700472,0.00546445,2024-12-08T21:08:00.629354923-05:00
ETH-USD,3957.34150761,1,ask,3978.67778522,0.00539157,2024-12-08T21:09:00.774014393-05:00
ETH-USD,3955.66172284416,1,ask,3977.15939421,0.00543466,2024-12-08T21:10:00.917854395-05:00
ETH-USD,3958.48878856726,1,ask,3979.95484256,0.00542279,2024-12-08T21:11:01.063299764-05:00
ETH-USD,3960.53847838,1,ask,3982.14695676,0.00545594,2024-12-08T21:12:01.211499336-05:00
ETH-USD,3960.297545905,1,ask,3981.86540081,0.00544602,2024-12-08T21:13:01.350422218-05:00
ETH-USD,3960.54402242636,1,ask,3982.13690119,0.005452,2024-12-08T21:14:01.507852313-05:00
ETH-USD,3960.3079082,1,ask,3981.7346784,0.00541038,2024-12-08T21:15:01.653008561-05:00
ETH-USD,3960.38297689522,1,ask,3982.0665122,0.00547511,2024-12-08T21:16:01.812796909-05:00
ETH-USD,3958.68326255,1,ask,3980.1760651,0.00542928,2024-12-08T21:17:01.950314992-05:00
ETH-USD,3958.4358978743,1,ask,3980.0755094,0.00546671,2024-12-08T21:18:02.125651358-05:00
ETH-USD,3957.72278571,1,ask,3979.14034142,0.00541159,2024-12-08T21:19:02.27975613-05:00
ETH-USD,3950.20106693,1,ask,3971.60871986,0.00541938,2024-12-08T21:20:02.417485244-05:00
ETH-USD,3953.273681115,1,ask,3974.77622423,0.00543917,2024-12-08T21:21:02.56674789-05:00
ETH-USD,3953.81069383866,1,ask,3975.38961397,0.00545775,2024-12-08T21:22:02.716696895-05:00
ETH-USD,3954.05315359932,1,ask,3975.682252,0.00547011,2024-12-08T21:23:02.869450371-05:00
ETH-USD,3955.7618085633,1,ask,3977.42083902,0.00547531,2024-12-08T21:24:03.014046973-05:00
ETH-USD,3952.9306905713,1,ask,3974.27344576,0.00539922,2024-12-08T21:25:03.156025513-05:00
ETH-USD,3948.89812454332,1,ask,3970.47244053,0.00546338,2024-12-08T21:26:03.311470202-05:00
ETH-USD,3948.22460608424,1,ask,3969.73838397,0.00544898,2024-12-08T21:27:03.471080355-05:00
ETH-USD,3948.88364784,1,ask,3970.42216268,0.00545433,2024-12-08T21:28:03.630917852-05:00
ETH-USD,3947.95479770605,1,ask,3969.55738372,0.00547184,2024-12-08T21:29:03.780357927-05:00
ETH-USD,3948.87485752716,1,ask,3970.22105129,0.00540564,2024-12-08T21:30:03.925188667-05:00
ETH-USD,3950.675638025,1,ask,3972.07127605,0.00541569,2024-12-08T21:31:04.071775613-05:00
ETH-USD,3950.93377356742,1,ask,3972.39305427,0.00543145,2024-12-08T21:32:04.20942941-05:00
ETH-USD,3947.11770999122,1,ask,3968.67249362,0.00546089,2024-12-08T21:33:04.360074319-05:00
ETH-USD,3950.70018547752,1,ask,3972.13160947,0.00542472,2024-12-08T21:34:04.524905338-05:00
ETH-USD,3949.02002134622,1,ask,3970.49255167,0.00543743,2024-12-08T21:35:04.914940059-05:00
ETH-USD,3949.76299560342,1,ask,3971.33721949,0.00546216,2024-12-08T21:36:05.069669865-05:00
ETH-USD,3951.98145005854,1,ask,3973.38855565,0.0054168,2024-12-08T21:37:05.212976085-05:00
ETH-USD,3946.64636443508,1,ask,3968.188862,0.00545843,2024-12-08T21:38:05.365201735-05:00
ETH-USD,3946.01658789,1,ask,3967.31499178,0.00539744,2024-12-08T21:39:05.544578725-05:00
ETH-USD,3942.71215307272,1,ask,3964.14748749,0.0054367,2024-12-08T21:40:05.703797329-05:00
ETH-USD,3942.84308236,1,ask,3964.39887672,0.00546707,2024-12-08T21:41:05.861975389-05:00
ETH-USD,3943.676590425,1,ask,3965.07259985,0.0054254,2024-12-08T21:42:06.012609005-05:00
ETH-USD,3945.18620582522,1,ask,3966.57087966,0.00542045,2024-12-08T21:43:06.171402544-05:00
ETH-USD,3945.24327671736,1,ask,3966.69154649,0.00543649,2024-12-08T21:44:06.332483845-05:00
ETH-USD,3943.65698421988,1,ask,3965.16309997,0.00545334,2024-12-08T21:45:06.468843052-05:00
ETH-USD,3943.537783995,1,ask,3965.09271099,0.00546589,2024-12-08T21:46:06.6078472-05:00
ETH-USD,3944.308624285,1,ask,3965.68598957,0.0054198,2024-12-08T21:47:06.766040106-05:00
ETH-USD,3944.30625339554,1,ask,3965.8066564,0.005451,2024-12-08T21:48:06.903205001-05:00
ETH-USD,3941.639890585,1,ask,3963.08159717,0.00543979,2024-12-08T21:49:07.048849302-05:00
ETH-USD,3937.7836017,1,ask,3959.1800364,0.00543362,2024-12-08T21:50:07.181276578-05:00
ETH-USD,3937.71192528,1,ask,3959.12975856,0.00543916,2024-12-08T21:51:07.325062384-05:00
ETH-USD,3940.339773815,1,ask,3961.76431763,0.00543723,2024-12-08T21:52:07.470345299-05:00
ETH-USD,3944.32338377,1,ask,3965.82676754,0.00545173,2024-12-08T21:53:07.635881897-05:00
ETH-USD,3947.83936245,1,ask,3969.3663279,0.00545285,2024-12-08T21:54:07.797498526-05:00
ETH-USD,3949.247359435,1,ask,3970.88471887,0.00547886,2024-12-08T21:55:07.951380706-05:00
ETH-USD,3947.64596116272,1,ask,3969.17527209,0.00545371,2024-12-08T21:56:08.115840006-05:00
ETH-USD,3945.36478842468,1,ask,3966.90271344,0.00545905,2024-12-08T21:57:08.2571648-05:00
ETH-USD,3946.367971535,1,ask,3967.93843707,0.0054659,2024-12-08T21:58:08.424112825-05:00
ETH-USD,3946.22867294628,1,ask,3967.61665885,0.00541985,2024-12-08T21:59:08.569951782-05:00
ETH-USD,3943.3917758797,1,ask,3964.89159961,0.00545211,2024-12-08T22:00:08.715056117-05:00
ETH-USD,3947.37490036,1,ask,3968.90377172,0.00545397,2024-12-08T22:01:08.865856894-05:00
ETH-USD,3949.24367218142,1,ask,3970.76405204,0.00544924,2024-12-08T22:02:09.016813574-05:00
ETH-USD,3949.542970695,1,ask,3971.10594139,0.00545961,2024-12-08T22:03:09.186988379-05:00
ETH-USD,3952.65717189292,1,ask,3974.130097,0.00543253,2024-12-08T22:04:09.332432428-05:00
ETH-USD,3953.97480932858,1,ask,3975.57061422,0.0054618,2024-12-08T22:05:09.487050733-05:00
ETH-USD,3953.88878292603,1,ask,3975.56055865,0.00548113,2024-12-08T22:06:09.664248835-05:00
ETH-USD,3951.92585785084,1,ask,3973.49,0.00545662,2024-12-08T22:07:09.80504548-05:00
ETH-USD,3953.18559292648,1,ask,3974.79633537,0.00546667,2024-12-08T22:08:09.95211106-05:00
ETH-USD,3954.04199399686,1,ask,3975.69128106,0.00547523,2024-12-08T22:09:10.112492825-05:00
ETH-USD,3954.078814015,1,ask,3975.83205903,0.00550147,2024-12-08T22:10:10.272490497-05:00
ETH-USD,3954.939017405,1,ask,3976.23428181,0.00538447,2024-12-08T22:11:10.418910178-05:00
ETH-USD,3955.0769327084,1,ask,3976.65661573,0.0054562,2024-12-08T22:12:10.552366009-05:00
ETH-USD,3955.8859389228,1,ask,3977.56161699,0.00547935,2024-12-08T22:13:10.703646872-05:00
ETH-USD,3957.15129708636,1,ask,3978.51477,0.0053987,2024-12-08T22:14:10.843902499-05:00
ETH-USD,3954.801588525,1,ask,3976.48567105,0.00548298,2024-12-08T22:15:10.992549708-05:00
ETH-USD,3957.067468385,1,ask,3978.75822977,0.00548152,2024-12-08T22:16:11.156170891-05:00
ETH-USD,3955.0642615,1,ask,3976.83,0.00550326,2024-12-08T22:17:11.31218436-05:00
ETH-USD,3954.21460696754,1,ask,3975.89477,0.0054828,2024-12-08T22:18:11.450738223-05:00
ETH-USD,3952.20863913624,1,ask,3973.812954,0.00546639,2024-12-08T22:19:11.612629855-05:00
ETH-USD,3951.465234635,1,ask,3973.11705527,0.00547944,2024-12-08T22:20:11.774079608-05:00
ETH-USD,3949.93878991822,1,ask,3971.2366638,0.00539195,2024-12-08T22:21:11.936130409-05:00
ETH-USD,3947.31194002228,1,ask,3968.87360501,0.00546237,2024-12-08T22:22:12.073205665-05:00
ETH-USD,3944.83835962478,1,ask,3966.03793449,0.005374,2024-12-08T22:23:12.22157206-05:00
ETH-USD,3944.42229364892,1,ask,3965.66587843,0.00538573,2024-12-08T22:24:12.312008015-05:00
ETH-USD,3940.70052282888,1,ask,3962.13637368,0.0054396,2024-12-08T22:25:12.457573062-05:00
ETH-USD,3941.65251117,1,ask,3962.96093034,0.00540596,2024-12-08T22:26:12.602378134-05:00
ETH-USD,3941.710137855,1,ask,3963.23243071,0.00546014,2024-12-08T22:27:12.776991343-05:00
ETH-USD,3944.582206815,1,ask,3966.05804563,0.00544439,2024-12-08T22:28:12.915764273-05:00
ETH-USD,3945.65457743478,1,ask,3967.07365811,0.00542852,2024-12-08T22:29:13.061842554-05:00
ETH-USD,3941.83271395568,1,ask,3963.26259741,0.00543653,2024-12-08T22:30:13.206066461-05:00
ETH-USD,3944.25292525,1,ask,3965.9675455,0.00550538,2024-12-08T22:31:13.342945424-05:00
ETH-USD,3942.80507279,1,ask,3964.37876558,0.00547166,2024-12-08T22:32:13.488746131-05:00
ETH-USD,3942.12385865,1,ask,3963.7553203,0.00548726,2024-12-08T22:33:13.642381389-05:00
ETH-USD,3937.480613165,1,ask,3958.87836933,0.00543438,2024-12-08T22:34:13.77825213-05:00
ETH-USD,3937.80370232,1,ask,3959.36103664,0.00547446,2024-12-08T22:35:13.931534228-05:00
ETH-USD,3935.5502635523,1,ask,3957.05831137,0.00546507,2024-12-08T22:36:14.078617558-05:00
ETH-USD,3933.84185252276,1,ask,3955.26,0.00544459,2024-12-08T22:37:14.234730759-05:00
ETH-USD,3932.10292010122,1,ask,3953.55897343,0.00545664,2024-12-08T22:38:14.384742453-05:00
ETH-USD,3930.917046,1,ask,3952.13,0.00539644,2024-12-08T22:39:14.522932731-05:00
ETH-USD,3931.544322,1,ask,3952.91,0.00543442,2024-12-08T22:40:14.684223716-05:00
ETH-USD,3931.90641714902,1,ask,3953.2,0.00541559,2024-12-08T22:41:14.82928885-05:00
ETH-USD,3935.17648116,1,ask,3956.68625532,0.00546603,2024-12-08T22:42:14.978391238-05:00
ETH-USD,3935.08888202344,1,ask,3956.47508838,0.00543475,2024-12-08T22:43:15.127624491-05:00
ETH-USD,3935.29874775262,1,ask,3956.79686658,0.00546289,2024-12-08T22:44:15.272993853-05:00
ETH-USD,3932.82154276,1,ask,3954.30308552,0.00546212,2024-12-08T22:45:15.414093035-05:00
ETH-USD,3931.06612698894,1,ask,3952.45,0.00543971,2024-12-08T22:46:15.574083475-05:00
ETH-USD,3931.86420308226,1,ask,3953.46,0.00549251,2024-12-08T22:47:15.746300017-05:00
ETH-USD,3928.63234942,1,ask,3950.02946884,0.00544646,2024-12-08T22:48:15.890477247-05:00
ETH-USD,3922.736186715,1,ask,3944.09668343,0.00544531,2024-12-08T22:49:16.06055422-05:00
ETH-USD,3921.740674435,1,ask,3943.13134887,0.00545438,2024-12-08T22:50:16.211097663-05:00
ETH-USD,3919.43569391864,1,ask,3940.71801248,0.00542994,2024-12-08T22:51:16.348807841-05:00
ETH-USD,3918.31837908834,1,ask,3939.40073304,0.00538046,2024-12-08T22:52:17.506313675-05:00
ETH-USD,3917.42477303,1,ask,3938.44545406,0.00536594,2024-12-08T22:53:17.634619364-05:00
ETH-USD,3911.97908837,1,ask,3932.56294674,0.00526175,2024-12-08T22:54:17.776190847-05:00
ETH-USD,3926.571772505,1,ask,3947.92785501,0.00543886,2024-12-08T22:55:17.93446706-05:00
ETH-USD,3928.957905105,1,ask,3950.23058021,0.00541433,2024-12-08T22:56:18.100623206-05:00
ETH-USD,3929.95353965792,1,ask,3951.46477,0.00547366,2024-12-08T22:57:18.461209328-05:00
ETH-USD,3929.71969953516,1,ask,3951.09734107032,0.00543999,2024-12-08T22:58:18.604820847-05:00
ETH-USD,3932.62219214,1,ask,3953.852155,0.00539842,2024-12-08T22:59:18.747495657-05:00
ETH-USD,3932.25739045488,1,ask,3953.63967512976,0.00543766,2024-12-08T23:00:18.901675116-05:00
ETH-USD,3929.719889465,1,ask,3951.21602593,0.00547014,2024-12-08T23:01:19.04759436-05:00
ETH-USD,3934.94986377,1,ask,3956.26,0.00541561,2024-12-08T23:02:19.19227423-05:00
ETH-USD,3937.80356619,1,ask,3959.25042538,0.0054464,2024-12-08T23:03:19.339216768-05:00
ETH-USD,3940.355,1,ask,3961.97,0.00548555,2024-12-08T23:04:19.502901046-05:00
ETH-USD,3935.89924114456,1,ask,3957.47058969,0.00548067,2024-12-08T23:05:19.63471577-05:00
ETH-USD,3938.68333982,1,ask,3960.097143,0.00543679,2024-12-08T23:06:19.78370426-05:00
ETH-USD,3939.119353435,1,ask,3960.82,0.00550901,2024-12-08T23:07:19.947286812-05:00
ETH-USD,3939.4171065,1,ask,3960.798983,0.00542768,2024-12-08T23:08:20.094171984-05:00
ETH-USD,3941.656320905,1,ask,3963.39331981,0.00551469,2024-12-08T23:09:20.233803357-05:00
ETH-USD,3940.72835835728,1,ask,3962.21681823,0.00545292,2024-12-08T23:10:20.377508299-05:00
ETH-USD,3939.73270318402,1,ask,3961.27159474,0.00546709,2024-12-08T23:11:20.510072724-05:00
ETH-USD,3939.966902,1,ask,3961.382206,0.0054354,2024-12-08T23:12:20.65459612-05:00
ETH-USD,3935.28598065642,1,ask,3956.74658873,0.00545338,2024-12-08T23:13:20.805063716-05:00
ETH-USD,3936.48418586474,1,ask,3958.01359041,0.0054692,2024-12-08T23:14:20.941052921-05:00
ETH-USD,3935.005611465,1,ask,3956.55553293,0.00547647,2024-12-08T23:15:21.068627248-05:00
ETH-USD,3935.19986179,1,ask,3956.79686658,0.00548816,2024-12-08T23:16:21.210333921-05:00
ETH-USD,3936.77164221732,1,ask,3958.19459065,0.00544176,2024-12-08T23:17:21.348299907-05:00
ETH-USD,3932.08944617222,1,ask,3953.7,0.00549595,2024-12-08T23:18:21.493404193-05:00
ETH-USD,3928.79681164552,1,ask,3950.25,0.0054605,2024-12-08T23:19:21.637696908-05:00
ETH-USD,3927.33646170158,1,ask,3948.81274504,0.00546841,2024-12-08T23:20:21.784633611-05:00
ETH-USD,3926.27492668942,1,ask,3947.75691034,0.00547134,2024-12-08T23:21:21.920130037-05:00
ETH-USD,3922.43794453996,1,ask,3944.001326,0.00549744,2024-12-08T23:22:22.057180135-05:00
ETH-USD,3922.76806386,1,ask,3944.347143,0.00550098,2024-12-08T23:23:22.194056151-05:00
ETH-USD,3920.88231329352,1,ask,3942.417143,0.00549234,2024-12-08T23:24:22.315138466-05:00
ETH-USD,3915.47883865726,1,ask,3936.973293,0.00548961,2024-12-08T23:25:22.446616592-05:00
ETH-USD,3910.38944514,1,ask,3931.82889028,0.00548269,2024-12-08T23:26:22.586734055-05:00
ETH-USD,3918.60349788796,1,ask,3939.94373372,0.00544588,2024-12-08T23:27:22.740765174-05:00
ETH-USD,3920.65072162,1,ask,3941.93473624,0.00542869,2024-12-08T23:28:22.882404044-05:00
ETH-USD,3920.31299526408,1,ask,3941.61295805,0.00543323,2024-12-08T23:29:23.01137514-05:00
ETH-USD,3925.73701410672,1,ask,3947.271477,0.00548546,2024-12-08T23:30:23.148759808-05:00
ETH-USD,3927.31699072396,1,ask,3948.61163367,0.00542219,2024-12-08T23:31:23.29045302-05:00
ETH-USD,3927.71620713746,1,ask,3948.89318959,0.00539168,2024-12-08T23:32:23.388516759-05:00
ETH-USD,3928.13068608774,1,ask,3949.48646813,0.00543663,2024-12-08T23:33:23.518945069-05:00
ETH-USD,3929.78916362,1,ask,3951.11547024,0.00542683,2024-12-08T23:34:23.649702244-05:00
ETH-USD,3931.53138823394,1,ask,3952.79475021,0.00540842,2024-12-08T23:35:23.790175884-05:00
ETH-USD,3930.95940760594,1,ask,3952.23163836,0.00541146,2024-12-08T23:36:23.927333491-05:00
ETH-USD,3931.74153940122,1,ask,3953.10647284,0.00543396,2024-12-08T23:37:24.071148945-05:00
ETH-USD,3931.17080097714,1,ask,3952.50313872,0.00542646,2024-12-08T23:38:24.206988081-05:00
ETH-USD,3931.05986988122,1,ask,3952.37241633,0.00542158,2024-12-08T23:39:24.395151574-05:00
ETH-USD,3931.91684964122,1,ask,3953.33775092,0.00544795,2024-12-08T23:40:24.768365111-05:00
ETH-USD,3932.6288713492,1,ask,3954.13214085,0.00546791,2024-12-08T23:41:24.93346047-05:00
ETH-USD,3935.10287526592,1,ask,3956.60581077,0.00546439,2024-12-08T23:42:25.074101636-05:00
ETH-USD,3934.75639028686,1,ask,3956.32425484,0.00548137,2024-12-08T23:43:25.205197461-05:00
ETH-USD,3933.92714035022,1,ask,3955.24830898,0.00541982,2024-12-08T23:44:25.339717238-05:00
ETH-USD,3936.83405724,1,ask,3958.31525748,0.00545647,2024-12-08T23:45:25.475672954-05:00
ETH-USD,3937.79401851674,1,ask,3959.25042538,0.00544884,2024-12-08T23:46:25.608410137-05:00
ETH-USD,3935.7863023291,1,ask,3957.14881149,0.00542776,2024-12-08T23:47:25.734638299-05:00
ETH-USD,3936.32659473924,1,ask,3957.56108981,0.0053945,2024-12-08T23:48:25.887275742-05:00
ETH-USD,3936.25801916372,1,ask,3957.51081197,0.00539924,2024-12-08T23:49:26.046631787-05:00
ETH-USD,3935.80704170896,1,ask,3957.00803352,0.00538669,2024-12-08T23:50:26.197464401-05:00
ETH-USD,3936.75655608424,1,ask,3957.9834237,0.00539197,2024-12-08T23:51:26.333741746-05:00
ETH-USD,3941.22597197872,1,ask,3962.59892986,0.00542292,2024-12-08T23:52:26.481725625-05:00
ETH-USD,3938.91381445438,1,ask,3960.36659354,0.00544637,2024-12-08T23:53:26.623611045-05:00
ETH-USD,3939.06763370632,1,ask,3960.51742707,0.0054454,2024-12-08T23:54:26.756759645-05:00
ETH-USD,3940.77857546112,1,ask,3961.94531787,0.00537121,2024-12-08T23:55:26.891300722-05:00
ETH-USD,3938.77860287212,1,ask,3960.03475976,0.00539664,2024-12-08T23:56:27.040424184-05:00
ETH-USD,3940.79464935804,1,ask,3961.97548458,0.00537476,2024-12-08T23:57:27.171647257-05:00
ETH-USD,3941.35995818846,1,ask,3962.59892986,0.00538874,2024-12-08T23:58:27.311429375-05:00
ETH-USD,3941.95628573574,1,ask,3963.10170831,0.0053642,2024-12-08T23:59:27.475803762-05:00
ETH-USD,3942.19370501932,1,ask,3963.53409778,0.00541333,2024-12-09T00:00:27.627650723-05:00
ETH-USD,3939.11685402548,1,ask,3960.48726036,0.00542518,2024-12-09T00:01:27.810377404-05:00
ETH-USD,3938.4501456707,1,ask,3959.65264814,0.00538346,2024-12-09T00:02:27.919502479-05:00
ETH-USD,3941.31867039388,1,ask,3962.41792961,0.00535335,2024-12-09T00:03:28.066499959-05:00
ETH-USD,3940.73876361466,1,ask,3962.13637368,0.00542985,2024-12-09T00:04:28.210542863-05:00
ETH-USD,3940.60159143896,1,ask,3961.71403978,0.00535767,2024-12-09T00:05:28.34724239-05:00
ETH-USD,3941.08258010752,1,ask,3962.14642925,0.00534469,2024-12-09T00:06:28.472578234-05:00
ETH-USD,3943.76269254472,1,ask,3965.34410022,0.00547229,2024-12-09T00:07:28.599933852-05:00
ETH-USD,3943.11584487966,1,ask,3964.38882115,0.00539497,2024-12-09T00:08:28.731528815-05:00
ETH-USD,3945.73637720204,1,ask,3967.07365811,0.00540768,2024-12-09T00:09:28.890538556-05:00
ETH-USD,3943.36797858448,1,ask,3964.37876558,0.00532813,2024-12-09T00:10:29.034491889-05:00
ETH-USD,3945.38779833772,1,ask,3966.27926815,0.00529516,2024-12-09T00:11:29.161510796-05:00
ETH-USD,3947.16425651136,1,ask,3968.23004858,0.00533694,2024-12-09T00:12:29.291999835-05:00
ETH-USD,3944.16827327008,1,ask,3965.29382237,0.00535615,2024-12-09T00:13:29.439774845-05:00
ETH-USD,3942.87761644046,1,ask,3964.05698737,0.00537155,2024-12-09T00:14:29.608760116-05:00
ETH-USD,3942.1176850838,1,ask,3963.37320867,0.0053919,2024-12-09T00:15:29.81411543-05:00
ETH-USD,3940.54047210424,1,ask,3961.81459547,0.00539878,2024-12-09T00:16:30.008791585-05:00
ETH-USD,3940.7128372353,1,ask,3961.90509559,0.00537777,2024-12-09T00:17:30.381856138-05:00
ETH-USD,3942.19880865848,1,ask,3963.30281969,0.00535336,2024-12-09T00:18:30.523683031-05:00
ETH-USD,3941.96490159772,1,ask,3963.24248627,0.00539771,2024-12-09T00:19:30.651971399-05:00
ETH-USD,3940.49237025814,1,ask,3961.72409535,0.00538809,2024-12-09T00:20:30.89070263-05:00
ETH-USD,3938.15383927926,1,ask,3959.30070323,0.00536974,2024-12-09T00:21:31.056244474-05:00
ETH-USD,3939.71634121124,1,ask,3960.94981654,0.00538959,2024-12-09T00:22:31.181014669-05:00
ETH-USD,3941.069265825,1,ask,3962.27715165,0.00538125,2024-12-09T00:23:31.327067514-05:00
ETH-USD,3941.73012220232,1,ask,3962.87043022,0.00536321,2024-12-09T00:24:31.448952972-05:00
ETH-USD,3940.3247413504,1,ask,3961.3520393,0.00533644,2024-12-09T00:25:31.582927667-05:00
ETH-USD,3941.78287799664,1,ask,3962.88048579,0.0053523,2024-12-09T00:26:31.723657972-05:00
ETH-USD,3941.5546018321,1,ask,3962.89054136,0.00541308,2024-12-09T00:27:31.857582151-05:00
ETH-USD,3940.84856868146,1,ask,3962.03581799,0.00537632,2024-12-09T00:28:32.013149646-05:00
ETH-USD,3942.01035092924,1,ask,3963.01120819,0.00532745,2024-12-09T00:29:32.1541284-05:00
ETH-USD,3942.83049881808,1,ask,3963.83576485,0.00532746,2024-12-09T00:30:32.305899542-05:00
ETH-USD,3944.66177537794,1,ask,3965.82676754,0.00536548,2024-12-09T00:31:32.435290246-05:00
ETH-USD,3944.34435159216,1,ask,3965.69604514,0.00541324,2024-12-09T00:32:32.563670256-05:00
ETH-USD,3945.142030588,1,ask,3966.25915701,0.00535269,2024-12-09T00:33:32.704748859-05:00
ETH-USD,3946.33381686574,1,ask,3967.36526962,0.00532936,2024-12-09T00:34:32.868364548-05:00
ETH-USD,3946.86077633394,1,ask,3968.14960402,0.00539386,2024-12-09T00:35:33.017229287-05:00
ETH-USD,3947.92177264804,1,ask,3969.38643904,0.00543695,2024-12-09T00:36:33.158685656-05:00
ETH-USD,3947.18239235088,1,ask,3968.43115996,0.00538327,2024-12-09T00:37:33.316974394-05:00
ETH-USD,3946.60718196074,1,ask,3967.90827036,0.00539732,2024-12-09T00:38:33.46712615-05:00
ETH-USD,3946.32334462886,1,ask,3967.75743682,0.00543141,2024-12-09T00:39:33.614267367-05:00
ETH-USD,3944.566219216,1,ask,3965.55526717,0.005321,2024-12-09T00:40:33.768797373-05:00
ETH-USD,3943.71287501188,1,ask,3964.93182188,0.00538045,2024-12-09T00:41:33.929375317-05:00
ETH-USD,3942.4213028995,1,ask,3963.54415335,0.00535784,2024-12-09T00:42:34.07818179-05:00
ETH-USD,3943.46930908658,1,ask,3964.50948798,0.00533545,2024-12-09T00:43:34.228567971-05:00
ETH-USD,3946.08712319618,1,ask,3967.36526962,0.00539221,2024-12-09T00:44:34.365874222-05:00
ETH-USD,3947.9952459102,1,ask,3969.28588335,0.00539277,2024-12-09T00:45:34.510403074-05:00
ETH-USD,3948.1693013,1,ask,3969.4668836,0.00539429,2024-12-09T00:46:34.638462358-05:00
ETH-USD,3948.22186832772,1,ask,3969.597606,0.00541402,2024-12-09T00:47:34.767986988-05:00
ETH-USD,3950.47643323386,1,ask,3971.82994239,0.0054053,2024-12-09T00:48:34.902235056-05:00
ETH-USD,3950.79405724752,1,ask,3972.11149833,0.00539574,2024-12-09T00:49:35.033395046-05:00
ETH-USD,3949.43395173656,1,ask,3970.73388533,0.00539316,2024-12-09T00:50:35.180113258-05:00
ETH-USD,3948.43037862946,1,ask,3969.38643904,0.00530744,2024-12-09T00:51:36.336976354-05:00
ETH-USD,3948.05415394056,1,ask,3969.17527209,0.00534975,2024-12-09T00:52:36.488465738-05:00
ETH-USD,3947.50220598994,1,ask,3968.54177122,0.00532984,2024-12-09T00:53:36.625254251-05:00
ETH-USD,3948.66696720792,1,ask,3969.6277727,0.00530832,2024-12-09T00:54:36.771879824-05:00
ETH-USD,3947.56757586,1,ask,3968.90377172,0.0054049,2024-12-09T00:55:36.902762435-05:00
ETH-USD,3945.5603913536,1,ask,3966.69154649,0.00535568,2024-12-09T00:56:37.038493867-05:00
ETH-USD,3945.21355172042,1,ask,3966.50049067,0.00539564,2024-12-09T00:57:37.180514479-05:00
ETH-USD,3944.88475795,1,ask,3966.04799006,0.00536473,2024-12-09T00:58:37.325736444-05:00
ETH-USD,3945.03929345096,1,ask,3966.02787892,0.00532025,2024-12-09T00:59:37.466886239-05:00
ETH-USD,3945.3227951752,1,ask,3966.58093522,0.00538819,2024-12-09T01:00:37.600273098-05:00
ETH-USD,3945.23978396956,1,ask,3966.23904587,0.00532268,2024-12-09T01:01:37.748052932-05:00
ETH-USD,3942.70697832596,1,ask,3963.93632054,0.00538446,2024-12-09T01:02:37.899627311-05:00
ETH-USD,3944.18710743554,1,ask,3965.34410022,0.00536409,2024-12-09T01:03:38.048502569-05:00
ETH-USD,3943.31071750078,1,ask,3964.466126,0.00536488,2024-12-09T01:04:38.195308343-05:00
ETH-USD,3940.69443999348,1,ask,3962.00565128,0.00540798,2024-12-09T01:05:38.33886228-05:00
ETH-USD,3939.29959155132,1,ask,3960.53753821,0.0053913,2024-12-09T01:06:38.486619587-05:00
ETH-USD,3934.45776016158,1,ask,3955.57008718,0.00536601,2024-12-09T01:07:38.628392915-05:00
ETH-USD,3937.16139720522,1,ask,3958.09403496,0.00531668,2024-12-09T01:08:38.772651042-05:00
ETH-USD,3934.72722836614,1,ask,3955.9823655,0.00540193,2024-12-09T01:09:38.921302276-05:00
ETH-USD,3931.1881482489,1,ask,3952.19141609,0.00534273,2024-12-09T01:10:39.064553621-05:00
ETH-USD,3930.6042154361,1,ask,3951.66852652,0.00535905,2024-12-09T01:11:39.20570866-05:00
ETH-USD,3929.6648124854,1,ask,3951.01491456,0.00543306,2024-12-09T01:12:39.356571128-05:00
ETH-USD,3930.8755695858,1,ask,3952.2215828,0.00543035,2024-12-09T01:13:39.507173114-05:00
ETH-USD,3930.26518557886,1,ask,3951.64841538,0.00544066,2024-12-09T01:14:39.657102333-05:00
ETH-USD,3928.86225192458,1,ask,3949.99930213,0.00537994,2024-12-09T01:15:39.808434033-05:00
ETH-USD,3931.39109503256,1,ask,3953.00591715,0.00549801,2024-12-09T01:16:40.198216545-05:00
ETH-USD,3932.81012673788,1,ask,3954.44386348,0.00550083,2024-12-09T01:17:40.346620312-05:00
ETH-USD,3928.06194764314,1,ask,3949.23507892,0.00539022,2024-12-09T01:18:40.492978079-05:00
ETH-USD,3925.66944631366,1,ask,3947.06307612,0.00544968,2024-12-09T01:19:40.635037125-05:00
ETH-USD,3924.80351934862,1,ask,3946.10779711,0.00542811,2024-12-09T01:20:40.766914438-05:00
ETH-USD,3925.14415465228,1,ask,3946.70862,0.00549393,2024-12-09T01:21:40.907588528-05:00
ETH-USD,3922.50948893402,1,ask,3943.51346047,0.00535473,2024-12-09T01:22:41.061452001-05:00
ETH-USD,3919.67759303514,1,ask,3941.12023521,0.00547051,2024-12-09T01:23:41.195812726-05:00
ETH-USD,3921.35175130462,1,ask,3942.64868159,0.00543102,2024-12-09T01:24:41.333608201-05:00
ETH-USD,3919.83667324444,1,ask,3941.311291,0.00547845,2024-12-09T01:25:41.463478008-05:00
ETH-USD,3918.25055152908,1,ask,3939.609879,0.00545124,2024-12-09T01:26:41.608498646-05:00
ETH-USD,3920.0755396908,1,ask,3941.61295805,0.00549413,2024-12-09T01:27:41.746902063-05:00
ETH-USD,3917.55226105106,1,ask,3938.89477,0.00544792,2024-12-09T01:28:41.886327272-05:00
ETH-USD,3915.6851958078,1,ask,3936.96728554,0.00543509,2024-12-09T01:29:42.035878485-05:00
ETH-USD,3916.83695882772,1,ask,3938.2745094,0.00547318,2024-12-09T01:30:42.187738265-05:00
ETH-USD,3916.75207042628,1,ask,3937.98289793,0.00542052,2024-12-09T01:31:42.338997756-05:00
ETH-USD,3920.37670546822,1,ask,3941.667143,0.00543071,2024-12-09T01:32:42.487909995-05:00
ETH-USD,3919.79555636612,1,ask,3941.26101316,0.00547617,2024-12-09T01:33:42.634613025-05:00
ETH-USD,3917.19026270868,1,ask,3938.389879,0.00541194,2024-12-09T01:34:42.781301352-05:00
ETH-USD,3912.99383141772,1,ask,3933.87017058,0.00533513,2024-12-09T01:35:42.920900706-05:00
ETH-USD,3914.47626561634,1,ask,3935.81089521,0.00545019,2024-12-09T01:36:43.066965666-05:00
ETH-USD,3918.21642375204,1,ask,3939.51134429,0.00543485,2024-12-09T01:37:43.208303337-05:00
ETH-USD,3925.48936909624,1,ask,3947.04296498,0.00549068,2024-12-09T01:38:44.354671605-05:00
ETH-USD,3924.96473837506,1,ask,3946.21840837,0.005415,2024-12-09T01:39:44.500816242-05:00
ETH-USD,3922.43026701218,1,ask,3943.89557206,0.00547245,2024-12-09T01:40:44.638573806-05:00
ETH-USD,3921.78090664046,1,ask,3943.02073762,0.00541586,2024-12-09T01:41:44.788897841-05:00
ETH-USD,3922.77439343362,1,ask,3944.21735025,0.00546627,2024-12-09T01:42:44.9278864-05:00
ETH-USD,3927.08842505722,1,ask,3948.70213378,0.00550375,2024-12-09T01:43:45.064146912-05:00
ETH-USD,3929.66457876416,1,ask,3951.337143,0.00551512,2024-12-09T01:44:45.205356283-05:00
ETH-USD,3928.42074344534,1,ask,3949.80824633,0.0054443,2024-12-09T01:45:45.348678115-05:00
ETH-USD,3930.07195496938,1,ask,3951.51769299,0.00545683,2024-12-09T01:46:45.492490878-05:00
ETH-USD,3928.94205628506,1,ask,3950.117143,0.00538951,2024-12-09T01:47:45.63714264-05:00
ETH-USD,3931.44139765758,1,ask,3953.007143,0.00548546,2024-12-09T01:48:45.807762594-05:00
ETH-USD,3931.23588933844,1,ask,3952.49308315,0.00540725,2024-12-09T01:49:45.972867339-05:00
ETH-USD,3929.83516577294,1,ask,3951.47747072,0.00550718,2024-12-09T01:50:46.117177907-05:00
ETH-USD,3928.29641763008,1,ask,3949.69763507,0.00544796,2024-12-09T01:51:46.255216086-05:00
ETH-USD,3923.77969251834,1,ask,3945.0921847,0.00543162,2024-12-09T01:52:46.384134394-05:00
ETH-USD,3919.41502329098,1,ask,3940.73812361,0.00544038,2024-12-09T01:53:46.537864148-05:00
ETH-USD,3923.05980362646,1,ask,3944.33801707,0.00542388,2024-12-09T01:54:46.670954642-05:00
ETH-USD,3920.262687378,1,ask,3941.6934026,0.00546665,2024-12-09T01:55:46.815935843-05:00
ETH-USD,3920.46214272074,1,ask,3941.79395828,0.00544115,2024-12-09T01:56:46.95482129-05:00
ETH-USD,3920.184173925,1,ask,3941.80401385,0.00551501,2024-12-09T01:57:47.067661287-05:00
ETH-USD,3921.05261284958,1,ask,3942.44757022,0.00545643,2024-12-09T01:58:47.211332314-05:00
ETH-USD,3919.45198640534,1,ask,3940.91912384,0.00547708,2024-12-09T01:59:47.358423562-05:00
ETH-USD,3912.74413778944,1,ask,3933.86011501,0.00539672,2024-12-09T02:00:47.50309549-05:00
ETH-USD,3912.02534686,1,ask,3933.44783672,0.00547606,2024-12-09T02:01:47.641996358-05:00
ETH-USD,3911.91787917,1,ask,3933.31711434,0.00547027,2024-12-09T02:02:47.78176792-05:00
ETH-USD,3915.01359908228,1,ask,3936.42428487,0.00546887,2024-12-09T02:03:47.913234159-05:00
ETH-USD,3912.50949226262,1,ask,3933.81385,0.00544519,2024-12-09T02:04:48.049671404-05:00
ETH-USD,3905.5053374874,1,ask,3926.74077296,0.00543731,2024-12-09T02:05:48.191410627-05:00
ETH-USD,3907.18266259234,1,ask,3928.40477,0.00543156,2024-12-09T02:06:48.332366797-05:00
ETH-USD,3907.27636918074,1,ask,3928.440678,0.00541664,2024-12-09T02:07:48.464803321-05:00
ETH-USD,3899.75541037542,1,ask,3920.78787691,0.00539328,2024-12-09T02:08:48.592248866-05:00
ETH-USD,3900.45376994936,1,ask,3921.4716555,0.00538857,2024-12-09T02:09:48.732661198-05:00
ETH-USD,3892.437176555,1,ask,3913.50764611,0.00541318,2024-12-09T02:10:48.864603352-05:00
ETH-USD,3896.76130967442,1,ask,3917.72092883,0.00537873,2024-12-09T02:11:49.003237575-05:00
ETH-USD,3892.35353004792,1,ask,3913.49759054,0.0054322,2024-12-09T02:12:49.126747074-05:00
ETH-USD,3888.1077979,1,ask,3909.4954748,0.00550079,2024-12-09T02:13:49.252814546-05:00
ETH-USD,3892.70123321882,1,ask,3913.83947983,0.00543023,2024-12-09T02:14:49.388442188-05:00
ETH-USD,3895.35668172098,1,ask,3916.67514982,0.00547279,2024-12-09T02:15:49.476727036-05:00
ETH-USD,3889.86973234168,1,ask,3910.98369874,0.00542794,2024-12-09T02:16:49.613366897-05:00
ETH-USD,3890.18792941892,1,ask,3911.46636596,0.00546977,2024-12-09T02:17:49.756801907-05:00
ETH-USD,3887.76379544792,1,ask,3908.96252974,0.00545268,2024-12-09T02:18:49.884377569-05:00
ETH-USD,3883.63039473196,1,ask,3904.55819138,0.00538872,2024-12-09T02:19:50.030261599-05:00
ETH-USD,3889.27578212672,1,ask,3910.57142048,0.00547548,2024-12-09T02:20:50.170641677-05:00
ETH-USD,3893.48740544166,1,ask,3914.91542553,0.00550355,2024-12-09T02:21:50.28650961-05:00
ETH-USD,3894.74639895588,1,ask,3915.89081557,0.00542896,2024-12-09T02:22:50.430585513-05:00
ETH-USD,3894.50859549436,1,ask,3915.72992649,0.00544904,2024-12-09T02:23:50.524485544-05:00
ETH-USD,3901.06939778122,1,ask,3922.47446156244,0.00548697,2024-12-09T02:24:50.649664843-05:00
ETH-USD,3904.88143407574,1,ask,3926.10727219,0.00543572,2024-12-09T02:25:50.786798513-05:00
ETH-USD,3903.34075752772,1,ask,3924.61862,0.00545119,2024-12-09T02:26:50.924956982-05:00
ETH-USD,3901.68185565356,1,ask,3922.96993508,0.00545613,2024-12-09T02:27:51.066725339-05:00
ETH-USD,3896.47541396524,1,ask,3917.46862,0.00538774,2024-12-09T02:28:51.202404177-05:00
ETH-USD,3896.6865788693,1,ask,3917.7913178,0.00541607,2024-12-09T02:29:51.344016976-05:00
ETH-USD,3900.48842365354,1,ask,3921.827143,0.00547078,2024-12-09T02:30:51.46872328-05:00
ETH-USD,3899.28230265264,1,ask,3920.431017,0.00542375,2024-12-09T02:31:51.592984812-05:00
ETH-USD,3898.32898965484,1,ask,3919.502034,0.00543131,2024-12-09T02:32:51.727643659-05:00
ETH-USD,3894.26259321818,1,ask,3915.592163,0.00547718,2024-12-09T02:33:51.869095516-05:00
ETH-USD,3898.83999258034,1,ask,3920.31526524,0.00550812,2024-12-09T02:34:52.013064232-05:00
ETH-USD,3899.37245379564,1,ask,3920.57670999,0.00543786,2024-12-09T02:35:52.141149525-05:00
ETH-USD,3906.10087758904,1,ask,3927.45471827,0.00546679,2024-12-09T02:36:52.273791719-05:00
ETH-USD,3905.52468136108,1,ask,3926.77093966,0.00544005,2024-12-09T02:37:52.410713748-05:00
ETH-USD,3907.30360216,1,ask,3928.50049732,0.00542494,2024-12-09T02:38:52.563366131-05:00
ETH-USD,3911.73261111064,1,ask,3932.92494719,0.00541763,2024-12-09T02:39:52.687821266-05:00
ETH-USD,3908.23863179906,1,ask,3929.41555399,0.00541853,2024-12-09T02:40:52.827588907-05:00
ETH-USD,3914.65490819058,1,ask,3936.112712,0.0054814,2024-12-09T02:41:52.946905343-05:00
ETH-USD,3913.68099935488,1,ask,3934.82544954,0.0054027,2024-12-09T02:42:53.074111719-05:00
ETH-USD,3918.64818702,1,ask,3939.84317804,0.00540875,2024-12-09T02:43:53.20472998-05:00
ETH-USD,3918.00988065402,1,ask,3939.24989952,0.00542112,2024-12-09T02:44:53.30319461-05:00
ETH-USD,3916.09703227,1,ask,3937.40973054,0.00544233,2024-12-09T02:45:53.44881818-05:00
ETH-USD,3920.976468995,1,ask,3942.26656999,0.0054298,2024-12-09T02:46:53.594418335-05:00
ETH-USD,3922.52140584622,1,ask,3943.87546093,0.00544396,2024-12-09T02:47:53.737238052-05:00
ETH-USD,3925.45983648962,1,ask,3946.90218702,0.00546238,2024-12-09T02:48:53.890258367-05:00
ETH-USD,3925.94235326074,1,ask,3947.30440976,0.00544126,2024-12-09T02:49:54.037731016-05:00
ETH-USD,3923.9471204576,1,ask,3945.0921847,0.00538872,2024-12-09T02:50:54.189064849-05:00
ETH-USD,3928.11446840666,1,ask,3949.52669041,0.00545102,2024-12-09T02:51:54.336413789-05:00
ETH-USD,3926.854146985,1,ask,3948.06863297,0.00540241,2024-12-09T02:52:54.476899882-05:00
ETH-USD,3923.81314887,1,ask,3944.95140674,0.00538717,2024-12-09T02:53:54.60631628-05:00
ETH-USD,3927.59519161,1,ask,3948.69207822,0.00537145,2024-12-09T02:54:54.734082346-05:00
ETH-USD,3926.37579980392,1,ask,3947.37479874,0.00534819,2024-12-09T02:55:54.879414807-05:00
ETH-USD,3926.27100610754,1,ask,3947.48540999,0.00540319,2024-12-09T02:56:55.013756794-05:00
ETH-USD,3920.29392193242,1,ask,3941.55262464,0.00542273,2024-12-09T02:57:55.160082166-05:00
ETH-USD,3921.260590915,1,ask,3942.31684783,0.00536977,2024-12-09T02:58:55.305683268-05:00
ETH-USD,3919.27943976238,1,ask,3940.41634543,0.00539306,2024-12-09T02:59:55.456012033-05:00
ETH-USD,3918.25818901868,1,ask,3939.16945497,0.00533688,2024-12-09T03:00:55.609088477-05:00
ETH-USD,3916.03073332838,1,ask,3936.96728554,0.00534637,2024-12-09T03:01:55.759902882-05:00
ETH-USD,3912.25968596718,1,ask,3933.22661423,0.00535929,2024-12-09T03:02:55.912097135-05:00
ETH-USD,3913.09925234886,1,ask,3934.0210041,0.00534659,2024-12-09T03:03:56.054935722-05:00
ETH-USD,3913.522419145,1,ask,3934.71483829,0.00541518,2024-12-09T03:04:56.183528358-05:00
ETH-USD,3910.38774657222,1,ask,3931.24566734,0.00533398,2024-12-09T03:05:56.325837979-05:00
ETH-USD,3905.38429271722,1,ask,3926.52960603,0.0054144,2024-12-09T03:06:56.419031085-05:00
ETH-USD,3904.33126447376,1,ask,3925.39332688,0.00539454,2024-12-09T03:07:56.551698255-05:00
ETH-USD,3908.13738786278,1,ask,3929.2546649,0.00540341,2024-12-09T03:08:56.697927407-05:00
ETH-USD,3911.91474020772,1,ask,3933.20650309,0.0054428,2024-12-09T03:09:56.801523998-05:00
ETH-USD,3908.55748010614,1,ask,3929.64683205,0.00539569,2024-12-09T03:10:56.940279007-05:00
ETH-USD,3906.87205298726,1,ask,3928.0982746,0.00543305,2024-12-09T03:11:57.093322529-05:00
ETH-USD,3907.21853215124,1,ask,3928.23905255,0.00537992,2024-12-09T03:12:57.224186516-05:00
ETH-USD,3916.03940806806,1,ask,3937.497143,0.00547945,2024-12-09T03:13:57.366402876-05:00
ETH-USD,3919.20617458449,1,ask,3940.7601042,0.00549957,2024-12-09T03:14:57.545696616-05:00
ETH-USD,3916.49711122018,1,ask,3937.86381096,0.00545556,2024-12-09T03:15:57.699539893-05:00
ETH-USD,3916.07583487882,1,ask,3937.3106994,0.00542249,2024-12-09T03:16:57.830477871-05:00
ETH-USD,3912.26620152632,1,ask,3933.64005004,0.00546329,2024-12-09T03:17:57.990801595-05:00
ETH-USD,3915.96809911316,1,ask,3937.16990737,0.00541419,2024-12-09T03:18:58.123134435-05:00
ETH-USD,3914.51662250626,1,ask,3935.63125161,0.00539393,2024-12-09T03:19:58.269083565-05:00
ETH-USD,3913.795639965,1,ask,3935.12842293,0.00545066,2024-12-09T03:20:58.409928532-05:00
ETH-USD,3910.76244658876,1,ask,3931.94048911,0.00541532,2024-12-09T03:21:58.563417707-05:00
ETH-USD,3910.33762206062,1,ask,3931.77958394,0.0054834,2024-12-09T03:22:58.710690422-05:00
ETH-USD,3910.22127874372,1,ask,3931.60862219,0.0054696,2024-12-09T03:23:58.863484101-05:00
ETH-USD,3913.959918635,1,ask,3935.37983727,0.0054727,2024-12-09T03:24:59.003395772-05:00
ETH-USD,3910.93086404,1,ask,3932.48354408,0.00551088,2024-12-09T03:25:59.146729683-05:00
ETH-USD,3905.789314815,1,ask,3927.28429563,0.00550336,2024-12-09T03:26:59.295760788-05:00
ETH-USD,3901.91656982748,1,ask,3923.08064802,0.00542402,2024-12-09T03:27:59.452343736-05:00
ETH-USD,3898.52431798428,1,ask,3919.75192232,0.00544504,2024-12-09T03:28:59.60896522-05:00
ETH-USD,3902.241311971265,1,ask,3923.45242254277,0.00543562,2024-12-09T03:29:59.760915554-05:00
ETH-USD,3896.03319107044,1,ask,3917.50930655,0.0055123,2024-12-09T03:30:59.909099659-05:00
ETH-USD,3894.215961705,1,ask,3915.62872741,0.00549861,2024-12-09T03:32:00.056249848-05:00
ETH-USD,3891.22408702282,1,ask,3912.50113326,0.00546796,2024-12-09T03:33:00.158199161-05:00
ETH-USD,3892.94736027534,1,ask,3914.25097693,0.00547236,2024-12-09T03:34:00.53368341-05:00
ETH-USD,3882.80574492872,1,ask,3904.13406483,0.00549302,2024-12-09T03:35:00.674714473-05:00
ETH-USD,3886.0701827331,1,ask,3907.06052744,0.00540143,2024-12-09T03:36:00.818493324-05:00
ETH-USD,3878.92549807158,1,ask,3900.24813914316,0.00549705,2024-12-09T03:37:00.964946086-05:00
ETH-USD,3879.35300642174,1,ask,3900.47,0.00544343,2024-12-09T03:38:01.104110661-05:00
ETH-USD,3874.291414937,1,ask,3894.97252746,0.00533804,2024-12-09T03:39:01.50682643-05:00
ETH-USD,3884.99581382,1,ask,3906.32639764,0.0054905,2024-12-09T03:40:01.649799524-05:00
ETH-USD,3891.33795678122,1,ask,3912.77157956244,0.00550803,2024-12-09T03:41:01.792716502-05:00
ETH-USD,3894.889204568725,1,ask,3916.25930513745,0.0054867,2024-12-09T03:42:01.936976009-05:00
ETH-USD,3889.17400272894,1,ask,3910.50993185,0.00548598,2024-12-09T03:43:02.077365528-05:00
ETH-USD,3889.66306332,1,ask,3911.10326964,0.0055121,2024-12-09T03:44:02.223477599-05:00
ETH-USD,3886.12543127792,1,ask,3907.257143,0.00543773,2024-12-09T03:45:02.31911457-05:00
ETH-USD,3888.14335698894,1,ask,3909.567724,0.00551018,2024-12-09T03:46:02.472691994-05:00
ETH-USD,3883.5657521,1,ask,3904.9486472,0.005506,2024-12-09T03:47:02.620719968-05:00
ETH-USD,3880.58604505826,1,ask,3901.75065717,0.00545397,2024-12-09T03:48:02.7735665-05:00
ETH-USD,3875.97891923206,1,ask,3897.42633107,0.00553342,2024-12-09T03:49:02.941541135-05:00
ETH-USD,3868.51490392346,1,ask,3889.64254427,0.00546143,2024-12-09T03:50:03.07390307-05:00
ETH-USD,3867.50748268,1,ask,3888.53632136,0.00543731,2024-12-09T03:51:03.222657073-05:00
ETH-USD,3871.9,1,ask,3893,0.00544952,2024-12-09T03:52:03.367318615-05:00
ETH-USD,3878.485845055,1,ask,3899.58849411,0.00544095,2024-12-09T03:53:03.505675795-05:00
ETH-USD,3874.95005933646,1,ask,3896.16925955,0.00547599,2024-12-09T03:54:03.646295382-05:00
ETH-USD,3869.40808422468,1,ask,3890.48729632,0.00544766,2024-12-09T03:55:03.790990042-05:00
ETH-USD,3866.24375402514,1,ask,3887.37981559,0.00546682,2024-12-09T03:56:03.92725566-05:00
ETH-USD,3864.967167,1,ask,3885.99,0.00543933,2024-12-09T03:57:04.039324897-05:00
ETH-USD,3870.65601638244,1,ask,3891.71,0.00543938,2024-12-09T03:58:04.191293801-05:00
ETH-USD,3864.6687892292,1,ask,3885.5193498,0.00539517,2024-12-09T03:59:04.328447774-05:00
ETH-USD,3867.62052299686,1,ask,3888.66,0.0054399,2024-12-09T04:00:04.468166966-05:00
ETH-USD,3867.63708577192,1,ask,3888.682155,0.00544132,2024-12-09T04:01:04.616775162-05:00
ETH-USD,3873.66985852476,1,ask,3895.017143,0.00551087,2024-12-09T04:02:04.764565417-05:00
ETH-USD,3873.8313151768,1,ask,3894.97252746,0.00545744,2024-12-09T04:03:04.908654546-05:00
ETH-USD,3877.5877298967,1,ask,3898.9226027934,0.0055021,2024-12-09T04:04:06.068989697-05:00
ETH-USD,3877.4887259967,1,ask,3898.9628219934,0.00553815,2024-12-09T04:05:06.223216994-05:00
ETH-USD,3878.564255125,1,ask,3899.60860725,0.00542581,2024-12-09T04:06:06.367552209-05:00
ETH-USD,3880.07434400379,1,ask,3901.03435400758,0.00540196,2024-12-09T04:07:06.508450961-05:00
ETH-USD,3880.786828,1,ask,3901.93,0.00544817,2024-12-09T04:08:06.655607734-05:00
ETH-USD,3880.35099836898,1,ask,3901.27,0.00539101,2024-12-09T04:09:06.80152696-05:00
ETH-USD,3875.97553931356,1,ask,3896.57674462712,0.0053151,2024-12-09T04:10:06.952239653-05:00
ETH-USD,3872.6864285,1,ask,3893.38,0.00534347,2024-12-09T04:11:07.105414964-05:00
ETH-USD,3881.722167,1,ask,3902.51,0.00535531,2024-12-09T04:12:07.252412151-05:00
ETH-USD,3882.6664285,1,ask,3903.91,0.00547139,2024-12-09T04:13:07.357994004-05:00
ETH-USD,3882.909913905,1,ask,3904.12697081,0.00546422,2024-12-09T04:14:07.504704384-05:00
ETH-USD,3884.868162625,1,ask,3905.95722125,0.00542851,2024-12-09T04:15:07.65018361-05:00
ETH-USD,3883.19402013662,1,ask,3903.99623864,0.00535699,2024-12-09T04:16:07.796216651-05:00
ETH-USD,3882.47908787792,1,ask,3903.82577875584,0.00549821,2024-12-09T04:17:07.943419854-05:00
ETH-USD,3879.309128435,1,ask,3900.27539987,0.00540464,2024-12-09T04:18:08.080232613-05:00
ETH-USD,3881.97636568,1,ask,3902.85987436,0.00537961,2024-12-09T04:19:08.230685313-05:00
ETH-USD,3875.4839723789,1,ask,3896.50427954,0.00542392,2024-12-09T04:20:08.382614671-05:00
ETH-USD,3871.56417173,1,ask,3892.58231446,0.00542885,2024-12-09T04:21:08.530027339-05:00
ETH-USD,3868.69038518,1,ask,3889.50508036,0.00538029,2024-12-09T04:22:08.681264269-05:00
ETH-USD,3871.54983746424,1,ask,3892.53203286,0.00541959,2024-12-09T04:23:08.775811086-05:00
ETH-USD,3864.625455665,1,ask,3885.61328433,0.00543075,2024-12-09T04:24:08.927880823-05:00
ETH-USD,3869.20842902102,1,ask,3890.54088137,0.00551339,2024-12-09T04:25:09.079196614-05:00
ETH-USD,3867.35567163664,1,ask,3888.22,0.00539499,2024-12-09T04:26:09.224749251-05:00
ETH-USD,3864.79542977914,1,ask,3885.70379122,0.00540995,2024-12-09T04:27:09.379728975-05:00
ETH-USD,3861.8189264214,1,ask,3883.1518048428,0.00552405,2024-12-09T04:28:09.521541911-05:00
ETH-USD,3861.32357179,1,ask,3882.32486758,0.00543889,2024-12-09T04:29:09.620906417-05:00
ETH-USD,3860.02832163102,1,ask,3881.27669826204,0.00550472,2024-12-09T04:30:09.773198836-05:00
ETH-USD,3862.01239498,1,ask,3883.05897896,0.00544964,2024-12-09T04:31:10.148828448-05:00
ETH-USD,3867.403299342325,1,ask,3888.58777775985,0.0054777,2024-12-09T04:32:10.30274882-05:00
ETH-USD,3868.11212277,1,ask,3888.31843454,0.00522382,2024-12-09T04:33:10.434098372-05:00
ETH-USD,3864.21223560972,1,ask,3885.19091888,0.00542897,2024-12-09T04:34:10.568672794-05:00
ETH-USD,3863.85080831694,1,ask,3884.98979247,0.00547096,2024-12-09T04:35:10.70434268-05:00
ETH-USD,3857.9479055,1,ask,3878.74,0.00538942,2024-12-09T04:36:10.796899418-05:00
ETH-USD,3854.8791525,1,ask,3875.71,0.00540376,2024-12-09T04:37:10.895412868-05:00
ETH-USD,3858.4391525,1,ask,3879.11,0.00535731,2024-12-09T04:38:11.034861303-05:00
ETH-USD,3858.01831043416,1,ask,3879.01080986832,0.00544126,2024-12-09T04:39:11.118003552-05:00
ETH-USD,3854.194645335,1,ask,3875.13459867,0.00543303,2024-12-09T04:40:11.244353481-05:00
ETH-USD,3860.44310574,1,ask,3881.63098148,0.00548846,2024-12-09T04:41:11.3836194-05:00
ETH-USD,3865.83000672394,1,ask,3886.79090944788,0.0054221,2024-12-09T04:42:11.517557764-05:00
ETH-USD,3861.70476488074,1,ask,3882.727143,0.00544381,2024-12-09T04:43:11.641708108-05:00
ETH-USD,3866.92556762,1,ask,3888.02680124,0.00545685,2024-12-09T04:44:11.798557623-05:00
ETH-USD,3876.56118468056,1,ask,3897.75126332,0.00546621,2024-12-09T04:45:11.922955003-05:00
ETH-USD,3874.847208215,1,ask,3896.06180143,0.00547495,2024-12-09T04:46:12.061929541-05:00
ETH-USD,3872.30491538088,1,ask,3893.26401976176,0.00541257,2024-12-09T04:47:12.202947706-05:00
ETH-USD,3874.77441078,1,ask,3895.68971756,0.00539781,2024-12-09T04:48:12.346263944-05:00
ETH-USD,3873.20955615,1,ask,3894.3019453,0.00544571,2024-12-09T04:49:12.499767737-05:00
ETH-USD,3871.91109404,1,ask,3892.88400408,0.00541668,2024-12-09T04:50:12.638644981-05:00
ETH-USD,3873.002404375,1,ask,3893.93991775,0.00540602,2024-12-09T04:51:12.760309518-05:00
ETH-USD,3875.10989200672,1,ask,3896.21264624,0.00544572,2024-12-09T04:52:12.881531364-05:00
ETH-USD,3875.852274459,1,ask,3896.95681398,0.00544514,2024-12-09T04:53:13.012022068-05:00
ETH-USD,3878.23791575368,1,ask,3899.01835975,0.00535822,2024-12-09T04:54:13.130312989-05:00
ETH-USD,3876.64239890446,1,ask,3898.10453219964,0.00553627,2024-12-09T04:55:13.256816571-05:00
ETH-USD,3880.30890021,1,ask,3901.45198942,0.00544882,2024-12-09T04:56:13.39659287-05:00
ETH-USD,3882.0209685,1,ask,3902.83,0.00536036,2024-12-09T04:57:13.5252141-05:00
ETH-USD,3883.08397464432,1,ask,3903.97794928864,0.00538077,2024-12-09T04:58:13.647223836-05:00
ETH-USD,3878.17752890997,1,ask,3899.14345981994,0.00540613,2024-12-09T04:59:13.829711046-05:00
ETH-USD,3874.7974455,1,ask,3895.51,0.00534545,2024-12-09T05:00:13.95457513-05:00
ETH-USD,3878.09874912472,1,ask,3898.80260724944,0.00533866,2024-12-09T05:01:14.094416615-05:00
ETH-USD,3880.02113211716,1,ask,3901.11793023432,0.00543729,2024-12-09T05:02:14.22598952-05:00
ETH-USD,3881.006283770605,1,ask,3902.04346354121,0.00542055,2024-12-09T05:03:14.326100648-05:00
ETH-USD,3880.74957270496,1,ask,3902.07493240992,0.00549517,2024-12-09T05:04:14.477043196-05:00
ETH-USD,3883.49018612772,1,ask,3904.46603825544,0.00540129,2024-12-09T05:05:14.625001247-05:00
ETH-USD,3882.054125585285,1,ask,3903.46323917057,0.00551489,2024-12-09T05:06:14.797981178-05:00
ETH-USD,3883.78152730848,1,ask,3905.06407161696,0.00547985,2024-12-09T05:07:31.018415776-05:00
ETH-USD,3886.65803512392,1,ask,3907.99640924784,0.00549016,2024-12-09T05:08:31.175398509-05:00
ETH-USD,3887.19013213424,1,ask,3908.60740726848,0.00550971,2024-12-09T05:09:31.347551794-05:00
ETH-USD,3888.00263698774,1,ask,3909.35173897548,0.00549102,2024-12-09T05:10:31.526871486-05:00
ETH-USD,3885.13372054228,1,ask,3906.37458408456,0.00546722,2024-12-09T05:11:31.697503062-05:00
ETH-USD,3885.9828670069,1,ask,3907.50313885848,0.00553792,2024-12-09T05:12:31.863322359-05:00
ETH-USD,3884.94614746924,1,ask,3906.26740393848,0.00548817,2024-12-09T05:13:32.082858402-05:00
ETH-USD,3884.1490691385,1,ask,3905.490971277,0.00549461,2024-12-09T05:14:32.270079989-05:00
ETH-USD,3885.07987047302,1,ask,3906.43712594604,0.00549725,2024-12-09T05:15:32.4372582-05:00
ETH-USD,3882.2240535163,1,ask,3903.507143,0.00548219,2024-12-09T05:16:32.626956095-05:00
ETH-USD,3882.61183821532,1,ask,3903.80718743064,0.00545904,2024-12-09T05:17:32.795883338-05:00
ETH-USD,3878.93586391548,1,ask,3900.22511826,0.00548843,2024-12-09T05:18:32.970843797-05:00
ETH-USD,3878.963021815,1,ask,3899.92342863,0.00540361,2024-12-09T05:19:33.155041435-05:00
ETH-USD,3874.94485878,1,ask,3895.68971756,0.00535359,2024-12-09T05:20:33.32484369-05:00
ETH-USD,3872.503160255,1,ask,3893.33653851,0.00537982,2024-12-09T05:21:33.508651052-05:00
ETH-USD,3874.93554148274,1,ask,3896.04168879,0.00544684,2024-12-09T05:22:33.685607858-05:00
ETH-USD,3871.358612705,1,ask,3892.36107541,0.00542509,2024-12-09T05:23:33.854490797-05:00
ETH-USD,3870.618825715,1,ask,3891.54651343,0.00540681,2024-12-09T05:24:34.043751309-05:00
ETH-USD,3870.2122818766,1,ask,3891.3856123,0.00547084,2024-12-09T05:25:34.208213564-05:00
ETH-USD,3870.99924543,1,ask,3891.99904786,0.0054249,2024-12-09T05:26:34.392977447-05:00
ETH-USD,3867.642952885,1,ask,3888.92181377,0.00550176,2024-12-09T05:27:34.554689816-05:00
ETH-USD,3870.598197705,1,ask,3891.82809041,0.00548491,2024-12-09T05:28:34.773265566-05:00
ETH-USD,3869.94370594,1,ask,3890.93307788,0.00542369,2024-12-09T05:29:34.940101819-05:00
ETH-USD,3874.227602185,1,ask,3895.30757737,0.00544108,2024-12-09T05:30:35.110881586-05:00
ETH-USD,3872.63642712,1,ask,3893.54772124,0.00539976,2024-12-09T05:31:35.293341196-05:00
ETH-USD,3871.47618867724,1,ask,3892.6527087,0.00546988,2024-12-09T05:32:35.473490839-05:00
ETH-USD,3876.89297100504,1,ask,3898.16357248,0.00548651,2024-12-09T05:33:35.644125771-05:00
ETH-USD,3878.78884999428,1,ask,3899.77258382,0.00540987,2024-12-09T05:34:35.818073459-05:00
ETH-USD,3878.44257977922,1,ask,3899.45078155,0.00541666,2024-12-09T05:35:35.989896919-05:00
ETH-USD,3878.335176415,1,ask,3899.49100683,0.00545487,2024-12-09T05:36:36.161320083-05:00
ETH-USD,3881.757528195,1,ask,3902.82970539,0.00542851,2024-12-09T05:37:36.360860425-05:00
ETH-USD,3880.88787740028,1,ask,3902.07548132,0.00545947,2024-12-09T05:38:36.549052908-05:00
ETH-USD,3882.0737224952,1,ask,3903.33252145,0.00547615,2024-12-09T05:39:36.903622696-05:00
ETH-USD,3880.7821753,1,ask,3902.1157066,0.00549722,2024-12-09T05:40:37.069694213-05:00
ETH-USD,3880.62812197,1,ask,3901.84418594,0.00546717,2024-12-09T05:41:37.24629262-05:00
ETH-USD,3878.343893435,1,ask,3899.46083787,0.00544484,2024-12-09T05:42:37.423735304-05:00
ETH-USD,3878.452528005,1,ask,3899.62173901,0.00545816,2024-12-09T05:43:37.589682278-05:00
ETH-USD,3877.75498777,1,ask,3898.91779654,0.00545749,2024-12-09T05:44:37.753805303-05:00
ETH-USD,3876.64925383,1,ask,3897.47974266,0.00537332,2024-12-09T05:45:37.926372694-05:00
ETH-USD,3873.39513842578,1,ask,3894.38239586,0.00541831,2024-12-09T05:46:38.118797973-05:00
ETH-USD,3871.87873867896,1,ask,3892.79349719,0.00540171,2024-12-09T05:47:38.335353701-05:00
ETH-USD,3875.3247556341,1,ask,3896.28304049,0.00540814,2024-12-09T05:48:38.523543631-05:00
ETH-USD,3875.719384925,1,ask,3896.79591285,0.00543809,2024-12-09T05:49:38.954200888-05:00
ETH-USD,3879.22340866,1,ask,3900.44635732,0.00547093,2024-12-09T05:50:39.189123879-05:00
ETH-USD,3881.092945605,1,ask,3902.16598821,0.00542967,2024-12-09T05:51:39.362456655-05:00
ETH-USD,3884.383570595,1,ask,3905.45440519,0.0054245,2024-12-09T05:52:39.536730555-05:00
ETH-USD,3881.87476971,1,ask,3903.08111342,0.00546291,2024-12-09T05:53:39.713349647-05:00
ETH-USD,3882.41521288,1,ask,3903.62415476,0.00546282,2024-12-09T05:54:39.905228029-05:00
ETH-USD,3882.45165053714,1,ask,3903.63421108,0.00545598,2024-12-09T05:55:40.089718134-05:00
ETH-USD,3884.89802494242,1,ask,3906.01755918,0.00543632,2024-12-09T05:56:40.261775677-05:00
ETH-USD,3885.093377405,1,ask,3906.31924881,0.00546341,2024-12-09T05:57:40.429070836-05:00
ETH-USD,3884.41027019596,1,ask,3905.70581322,0.00548231,2024-12-09T05:58:40.591540407-05:00
ETH-USD,3884.56901203,1,ask,3905.81643275,0.0054697,2024-12-09T05:59:40.771796199-05:00
ETH-USD,3884.18513154,1,ask,3905.54491208,0.00549917,2024-12-09T06:00:40.942428411-05:00
ETH-USD,3881.292106,1,ask,3902.879987,0.00556203,2024-12-09T06:01:41.121170298-05:00
ETH-USD,3878.141897945,1,ask,3899.71224589,0.00556203,2024-12-09T06:02:41.340838195-05:00
ETH-USD,3875.64985533,1,ask,3896.990678,0.00550639,2024-12-09T06:03:41.518021021-05:00
ETH-USD,3875.440099455,1,ask,3896.79,0.00550903,2024-12-09T06:04:41.72678049-05:00
ETH-USD,3871.450754665,1,ask,3892.81,0.00551712,2024-12-09T06:05:41.933838006-05:00
ETH-USD,3868.161907415,1,ask,3889.395448,0.00548931,2024-12-09T06:06:42.122716288-05:00
ETH-USD,3868.5186268,1,ask,3889.9,0.00552702,2024-12-09T06:07:42.319119698-05:00
ETH-USD,3865.650339,1,ask,3886.96954,0.00551504,2024-12-09T06:08:42.463128273-05:00
ETH-USD,3863.856598,1,ask,3885.15,0.00551092,2024-12-09T06:09:42.67513931-05:00
ETH-USD,3864.0273042,1,ask,3885.264189,0.00549605,2024-12-09T06:10:42.839546239-05:00
ETH-USD,3862.66966997092,1,ask,3883.86192308184,0.00548643,2024-12-09T06:11:43.005676365-05:00
ETH-USD,3865.07546538858,1,ask,3886.13703172716,0.0054492,2024-12-09T06:12:43.177306622-05:00
ETH-USD,3866.5979227278,1,ask,3887.6898980556,0.00545492,2024-12-09T06:13:43.343244827-05:00
ETH-USD,3868.43595757596,1,ask,3889.79110893492,0.00552036,2024-12-09T06:14:43.524215859-05:00
ETH-USD,3864.85170316838,1,ask,3886.04907233676,0.00548465,2024-12-09T06:15:43.708516213-05:00
ETH-USD,3865.83334582274,1,ask,3886.92,0.00545462,2024-12-09T06:16:43.901050288-05:00
ETH-USD,3868.32646311472,1,ask,3889.54,0.00548391,2024-12-09T06:17:44.081115384-05:00
ETH-USD,3864.99613197924,1,ask,3886.37624446848,0.00553173,2024-12-09T06:18:44.2543613-05:00
ETH-USD,3861.795678,1,ask,3883.06431,0.00550745,2024-12-09T06:19:44.425947977-05:00
ETH-USD,3863.88885855524,1,ask,3885.09088911048,0.00548723,2024-12-09T06:20:44.610278907-05:00
ETH-USD,3863.59911693424,1,ask,3884.845327,0.00549907,2024-12-09T06:21:44.782509805-05:00
ETH-USD,3862.50568301034,1,ask,3883.78262389068,0.00550859,2024-12-09T06:22:44.969756138-05:00
ETH-USD,3864.01082746838,1,ask,3885.36534593676,0.00552652,2024-12-09T06:23:45.132019561-05:00
ETH-USD,3861.26594083,1,ask,3882.52800766,0.0055065,2024-12-09T06:24:45.305293407-05:00
ETH-USD,3863.21091996912,1,ask,3884.45307493824,0.00549857,2024-12-09T06:25:45.463645446-05:00
ETH-USD,3870.73660536906,1,ask,3891.97278112,0.00548634,2024-12-09T06:26:45.634448863-05:00
ETH-USD,3867.51372981888,1,ask,3888.66358996,0.00546859,2024-12-09T06:27:45.828017568-05:00
ETH-USD,3863.937989595,1,ask,3885.21358219,0.00550619,2024-12-09T06:28:46.023034865-05:00
ETH-USD,3862.49301306888,1,ask,3883.64448246,0.00547612,2024-12-09T06:29:46.199765628-05:00
ETH-USD,3857.14687461862,1,ask,3878.308741,0.0054864,2024-12-09T06:30:46.37622587-05:00
ETH-USD,3861.7611834985,1,ask,3883.09589211096,0.00552461,2024-12-09T06:31:46.592587942-05:00
ETH-USD,3861.20716614996,1,ask,3882.41704429992,0.00549307,2024-12-09T06:32:46.78098429-05:00
