symbol,price,quantity,side,ask_inclusive_of_buy_spread,buy_spread,timestamp
BTC-USD,97103.097882,1,ask,97119.5725,0.00016966,2024-12-10T16:55:18.631320067-05:00
BTC-USD,97096.68746,1,ask,97100.59492,0.00004024,2024-12-10T16:56:19.23482925-05:00
BTC-USD,96929.943634,1,ask,96934.337268,0.00004533,2024-12-10T16:57:19.831275254-05:00
BTC-USD,97002.400616,1,ask,97016.755784,0.00014799,2024-12-10T16:58:20.413354306-05:00
BTC-USD,96838.005,1,ask,96842.01,0.00004136,2024-12-10T16:59:21.033702923-05:00
BTC-USD,96959.951702,1,ask,96969.7344,0.00010089,2024-12-10T17:00:21.665718242-05:00
BTC-USD,97104.95243,1,ask,97113.869024,0.00009182,2024-12-10T17:01:22.310516654-05:00
BTC-USD,97119.294032,1,ask,97127.335568,0.0000828,2024-12-10T17:02:23.954708114-05:00
BTC-USD,97149.729356,1,ask,97157.95848,0.00008471,2024-12-10T17:03:24.590387673-05:00
BTC-USD,97109.847278,1,ask,97117.939444,0.00008333,2024-12-10T17:04:25.232566837-05:00
BTC-USD,97132.89783,1,ask,97142.6,0.00009989,2024-12-10T17:05:25.894839726-05:00
BTC-USD,97102.109398,1,ask,97111.836204,0.00010017,2024-12-10T17:06:26.584074548-05:00
BTC-USD,97135.097236,1,ask,97145,0.00010195,2024-12-10T17:07:27.263536515-05:00
BTC-USD,96959,1,ask,96972,0.00013408,2024-12-10T17:08:28.000081474-05:00
BTC-USD,97071.210342,1,ask,97094.343748,0.00023831,2024-12-10T17:09:28.925447913-05:00
BTC-USD,97048.395,1,ask,97065.5,0.00017625,2024-12-10T17:10:29.627305594-05:00
BTC-USD,96939.633486,1,ask,96948.506316,0.00009153,2024-12-10T17:11:30.245413717-05:00
BTC-USD,96775.474972,1,ask,96780.799944,0.00005502,2024-12-10T17:12:30.914667707-05:00
BTC-USD,96808.561716,1,ask,96818.833624,0.00010611,2024-12-10T17:13:31.529570857-05:00
BTC-USD,96856.111876,1,ask,96857.203752,0.00001127,2024-12-10T17:14:32.133744585-05:00
BTC-USD,96857.85,1,ask,96879,0.00021836,2024-12-10T17:15:32.778282524-05:00
BTC-USD,96815,1,ask,96829,0.00014461,2024-12-10T17:16:33.382586345-05:00
BTC-USD,96748,1,ask,96762,0.00014471,2024-12-10T17:17:33.99986656-05:00
BTC-USD,96715.218182,1,ask,96725.276364,0.000104,2024-12-10T17:18:34.594754835-05:00
BTC-USD,96690.085146,1,ask,96695.370292,0.00005466,2024-12-10T17:19:35.237685504-05:00
BTC-USD,96791.166008,1,ask,96794.032016,0.00002961,2024-12-10T17:20:35.850313013-05:00
BTC-USD,96664.478976,1,ask,96664.957952,0.00000496,2024-12-10T17:21:36.467937242-05:00
BTC-USD,96801.56231,1,ask,96804.02462,0.00002544,2024-12-10T17:22:37.091625366-05:00
BTC-USD,96769.182894,1,ask,96774.115788,0.00005098,2024-12-10T17:23:37.716859174-05:00
BTC-USD,96753.73171,1,ask,96762.261472,0.00008816,2024-12-10T17:24:38.30723069-05:00
BTC-USD,96773.049876,1,ask,96781.728568,0.00008968,2024-12-10T17:25:38.927748372-05:00
BTC-USD,96733.160862,1,ask,96742.83578,0.00010002,2024-12-10T17:26:39.842105035-05:00
BTC-USD,96736.11371,1,ask,96745.31878,0.00009516,2024-12-10T17:27:40.725261136-05:00
BTC-USD,96774.749764,1,ask,96784.62898,0.00010208,2024-12-10T17:28:41.38062347-05:00
BTC-USD,96792.38388,1,ask,96800.698364,0.0000859,2024-12-10T17:29:41.998220177-05:00
BTC-USD,96883.926616,1,ask,96904.377708,0.00021109,2024-12-10T17:30:42.633555524-05:00
BTC-USD,96899.44037,1,ask,96927.64186,0.00029104,2024-12-10T17:31:43.254009465-05:00
BTC-USD,96913.298894,1,ask,96923.297788,0.00010317,2024-12-10T17:32:43.968979859-05:00
BTC-USD,97060.214524,1,ask,97069.459048,0.00009525,2024-12-10T17:33:44.620820091-05:00
BTC-USD,97062.25592,1,ask,97080.479664,0.00018775,2024-12-10T17:34:45.229726258-05:00
BTC-USD,97082.80128,1,ask,97094.98256,0.00012547,2024-12-10T17:35:45.869447508-05:00
BTC-USD,96995.53928,1,ask,97013.453988,0.0001847,2024-12-10T17:36:46.508329965-05:00
BTC-USD,96932.52384,1,ask,96964.949236,0.00033452,2024-12-10T17:37:47.168101161-05:00
BTC-USD,96926.314376,1,ask,96942.728752,0.00016935,2024-12-10T17:38:47.862027182-05:00
BTC-USD,96918.930654,1,ask,96940.712872,0.00022475,2024-12-10T17:39:48.572296512-05:00
BTC-USD,96899.872894,1,ask,96911.845788,0.00012356,2024-12-10T17:40:49.184601857-05:00
BTC-USD,96825.882788,1,ask,96837.565576,0.00012066,2024-12-10T17:41:49.795257299-05:00
BTC-USD,96832.9204,1,ask,96841.5508,0.00008913,2024-12-10T17:42:50.437044769-05:00
BTC-USD,96816.624412,1,ask,96829.148824,0.00012936,2024-12-10T17:43:51.067481175-05:00
BTC-USD,96806.723434,1,ask,96818.246868,0.00011904,2024-12-10T17:44:51.67582538-05:00
BTC-USD,96861.17506,1,ask,96871.45012,0.00010608,2024-12-10T17:45:52.255726938-05:00
BTC-USD,96863.315534,1,ask,96874.431068,0.00011475,2024-12-10T17:46:52.841819023-05:00
BTC-USD,96855.902476,1,ask,96865.574952,0.00009986,2024-12-10T17:47:53.457103022-05:00
BTC-USD,96921.355008,1,ask,96932.610016,0.00011613,2024-12-10T17:48:54.052195187-05:00
BTC-USD,96962.903656,1,ask,96973.107312,0.00010523,2024-12-10T17:49:54.607828638-05:00
BTC-USD,96959.590082,1,ask,96974.660164,0.00015543,2024-12-10T17:50:55.263119411-05:00
BTC-USD,96923.92529,1,ask,96933.80058,0.00010189,2024-12-10T17:51:55.993537671-05:00
BTC-USD,96912.891028,1,ask,96923.482056,0.00010928,2024-12-10T17:52:56.599949892-05:00
BTC-USD,96954.75869,1,ask,96968.71738,0.00014397,2024-12-10T17:53:57.433385895-05:00
BTC-USD,96959.366436,1,ask,96964.522872,0.00005318,2024-12-10T17:54:58.054951335-05:00
BTC-USD,96950.63559,1,ask,96963.65118,0.00013425,2024-12-10T17:55:58.716113693-05:00
BTC-USD,96861.096088,1,ask,96869.512176,0.00008689,2024-12-10T17:56:59.365513808-05:00
BTC-USD,96975.885564,1,ask,96984.171128,0.00008544,2024-12-10T17:58:00.020184547-05:00
BTC-USD,96996.523662,1,ask,97008.947324,0.00012808,2024-12-10T17:59:00.618999532-05:00
BTC-USD,96944.056294,1,ask,96955.305444,0.00011604,2024-12-10T18:00:01.257715864-05:00
BTC-USD,97000.901954,1,ask,97007.603908,0.00006909,2024-12-10T18:01:01.871274386-05:00
BTC-USD,97105.682984,1,ask,97111.585968,0.00006079,2024-12-10T18:02:02.685717836-05:00
BTC-USD,97150.636932,1,ask,97152.923864,0.00002354,2024-12-10T18:03:03.351428864-05:00
BTC-USD,97141.192204,1,ask,97147.194408,0.00006179,2024-12-10T18:04:05.042329904-05:00
BTC-USD,97176.780096,1,ask,97182.740192,0.00006133,2024-12-10T18:05:05.642795783-05:00
BTC-USD,97192.806552,1,ask,97198.113104,0.0000546,2024-12-10T18:06:06.284552592-05:00
BTC-USD,97199.865,1,ask,97211.73,0.00012207,2024-12-10T18:07:06.88987626-05:00
BTC-USD,97069.442626,1,ask,97072.995252,0.0000366,2024-12-10T18:08:07.535381705-05:00
BTC-USD,97091.658154,1,ask,97098.176308,0.00006713,2024-12-10T18:09:08.127937355-05:00
BTC-USD,97010.749134,1,ask,97016.408268,0.00005834,2024-12-10T18:10:08.979317438-05:00
BTC-USD,97063.68708,1,ask,97068.78416,0.00005251,2024-12-10T18:11:09.638289967-05:00
BTC-USD,97040.38873,1,ask,97056.534652,0.00016638,2024-12-10T18:12:10.255285239-05:00
BTC-USD,97047.051158,1,ask,97052.102316,0.00005205,2024-12-10T18:13:10.916762783-05:00
BTC-USD,96904.468914,1,ask,96910.787828,0.00006521,2024-12-10T18:14:11.557188968-05:00
BTC-USD,96967.52368,1,ask,96975.856336,0.00008593,2024-12-10T18:15:12.180360444-05:00
BTC-USD,97006.688544,1,ask,97011.337088,0.00004792,2024-12-10T18:16:12.828635488-05:00
BTC-USD,97018.660104,1,ask,97023.700208,0.00005195,2024-12-10T18:17:13.444366816-05:00
BTC-USD,97014.297852,1,ask,97022.177176,0.00008122,2024-12-10T18:18:14.019676854-05:00
BTC-USD,97062.0515,1,ask,97064.253,0.00002268,2024-12-10T18:19:14.61794124-05:00
BTC-USD,97172.813268,1,ask,97177.236536,0.00004552,2024-12-10T18:20:15.22283863-05:00
BTC-USD,97076.586932,1,ask,97080.033864,0.00003551,2024-12-10T18:21:15.877524988-05:00
BTC-USD,97047.682468,1,ask,97050.274936,0.00002671,2024-12-10T18:22:16.427454728-05:00
BTC-USD,97015.40241,1,ask,97018.91482,0.0000362,2024-12-10T18:23:17.059179364-05:00
BTC-USD,97010.115206,1,ask,97013.440412,0.00003428,2024-12-10T18:24:17.706396736-05:00
BTC-USD,96999.69392,1,ask,97000.59784,0.00000932,2024-12-10T18:25:18.394950433-05:00
BTC-USD,96982.05064,1,ask,96984.26128,0.00002279,2024-12-10T18:26:19.051748865-05:00
BTC-USD,97068.06762,1,ask,97082.2688,0.0001463,2024-12-10T18:27:19.612519565-05:00
BTC-USD,97034.2636,1,ask,97038.5272,0.00004394,2024-12-10T18:28:20.297615807-05:00
BTC-USD,97073.531768,1,ask,97075.183536,0.00001702,2024-12-10T18:29:20.999504929-05:00
BTC-USD,97069.57311,1,ask,97076.00622,0.00006627,2024-12-10T18:30:21.643770132-05:00
BTC-USD,97005.158968,1,ask,97011.317936,0.00006349,2024-12-10T18:31:22.218602592-05:00
BTC-USD,97036.024668,1,ask,97042.409336,0.0000658,2024-12-10T18:32:22.819606776-05:00
BTC-USD,97075.070368,1,ask,97082.000736,0.00007139,2024-12-10T18:33:23.436573474-05:00
BTC-USD,97068.781066,1,ask,97072.422132,0.00003751,2024-12-10T18:34:24.027015361-05:00
BTC-USD,97167.720752,1,ask,97189.73972,0.00022661,2024-12-10T18:35:24.684317346-05:00
BTC-USD,97109.988302,1,ask,97126.336604,0.00016835,2024-12-10T18:36:25.295357312-05:00
BTC-USD,97036.947254,1,ask,97044.754508,0.00008046,2024-12-10T18:37:25.907246234-05:00
BTC-USD,97023.478968,1,ask,97030.817936,0.00007564,2024-12-10T18:38:26.883960056-05:00
BTC-USD,96924.987304,1,ask,96936.974608,0.00012368,2024-12-10T18:39:27.469307744-05:00
BTC-USD,96949.728968,1,ask,96956.307936,0.00006786,2024-12-10T18:40:28.073146831-05:00
BTC-USD,96901.399882,1,ask,96905.799764,0.00004541,2024-12-10T18:41:28.659113824-05:00
BTC-USD,96869.914284,1,ask,96878.178568,0.00008531,2024-12-10T18:42:29.306904436-05:00
BTC-USD,96703.79352,1,ask,96726.5268,0.00023508,2024-12-10T18:43:29.916351662-05:00
BTC-USD,96769.974882,1,ask,96777.289764,0.00007559,2024-12-10T18:44:30.506002563-05:00
BTC-USD,96768.58,1,ask,96779,0.00010768,2024-12-10T18:45:31.132213171-05:00
BTC-USD,96661.881822,1,ask,96666.663644,0.00004947,2024-12-10T18:46:31.716078642-05:00
BTC-USD,96593.818596,1,ask,96601.637192,0.00008094,2024-12-10T18:47:32.339047363-05:00
BTC-USD,96597.449296,1,ask,96603.728592,0.000065,2024-12-10T18:48:32.944139587-05:00
BTC-USD,96660.77632,1,ask,96675.95264,0.00015701,2024-12-10T18:49:33.553296585-05:00
BTC-USD,96641.084882,1,ask,96645.779764,0.00004858,2024-12-10T18:50:34.262695162-05:00
BTC-USD,96681.674182,1,ask,96688.188364,0.00006738,2024-12-10T18:51:34.865045812-05:00
BTC-USD,96649.382138,1,ask,96656.104276,0.00006955,2024-12-10T18:52:35.549168374-05:00
BTC-USD,96683.315328,1,ask,96692.864724,0.00009877,2024-12-10T18:53:36.133648404-05:00
BTC-USD,96645.588702,1,ask,96652.517404,0.00007169,2024-12-10T18:54:36.719205526-05:00
BTC-USD,96658.1344,1,ask,96662.2688,0.00004277,2024-12-10T18:55:37.351035667-05:00
BTC-USD,96723.286448,1,ask,96727.372896,0.00004225,2024-12-10T18:56:37.957345699-05:00
BTC-USD,96671.875262,1,ask,96674.590524,0.00002809,2024-12-10T18:57:38.580575412-05:00
BTC-USD,96677.405422,1,ask,96693.3548,0.00016498,2024-12-10T18:58:39.177576445-05:00
BTC-USD,96661.6258,1,ask,96665.4516,0.00003958,2024-12-10T18:59:39.837313094-05:00
BTC-USD,96708.28,1,ask,96718.9,0.00010981,2024-12-10T19:00:40.44250347-05:00
BTC-USD,96627.184882,1,ask,96630.779764,0.0000372,2024-12-10T19:01:41.040210134-05:00
BTC-USD,96665.477712,1,ask,96689.410764,0.00024759,2024-12-10T19:02:41.612127204-05:00
BTC-USD,96705.883482,1,ask,96712.606964,0.00006953,2024-12-10T19:03:42.234948035-05:00
BTC-USD,96769.801392,1,ask,96777.402784,0.00007855,2024-12-10T19:04:42.905342521-05:00
BTC-USD,96836.8743,1,ask,96844.0986,0.0000746,2024-12-10T19:05:43.517495284-05:00
BTC-USD,96709.970648,1,ask,96721.7,0.00012128,2024-12-10T19:06:44.190415534-05:00
BTC-USD,96762.90738,1,ask,96776.65476,0.00014207,2024-12-10T19:07:44.865346615-05:00
BTC-USD,96788.587782,1,ask,96794.515564,0.00006124,2024-12-10T19:08:45.507777927-05:00
BTC-USD,96832.520566,1,ask,96844.841132,0.00012724,2024-12-10T19:09:46.177129038-05:00
BTC-USD,96891.316282,1,ask,96897.982564,0.0000688,2024-12-10T19:10:46.851598039-05:00
BTC-USD,96826.699768,1,ask,96832.749536,0.00006248,2024-12-10T19:11:47.494403423-05:00
BTC-USD,96888.770582,1,ask,96895.891164,0.00007349,2024-12-10T19:12:48.112404458-05:00
BTC-USD,96898.674134,1,ask,96905.198268,0.00006733,2024-12-10T19:13:48.756411937-05:00
BTC-USD,96856.26128,1,ask,96871.12256,0.00015344,2024-12-10T19:14:49.394342014-05:00
BTC-USD,96762.768548,1,ask,96775.377096,0.0001303,2024-12-10T19:15:50.090474602-05:00
BTC-USD,96650.934336,1,ask,96654.568672,0.0000376,2024-12-10T19:16:50.73941378-05:00
BTC-USD,96649.258536,1,ask,96651.617072,0.0000244,2024-12-10T19:17:51.351955419-05:00
BTC-USD,96636.462836,1,ask,96639.025672,0.00002652,2024-12-10T19:18:52.008111565-05:00
BTC-USD,96653.301536,1,ask,96657.703072,0.00004554,2024-12-10T19:19:52.639046239-05:00
BTC-USD,96823.040962,1,ask,96842.91234,0.00020523,2024-12-10T19:20:53.486370544-05:00
BTC-USD,96749.36703,1,ask,96755.57406,0.00006416,2024-12-10T19:21:54.152849245-05:00
BTC-USD,96786.33161,1,ask,96790.28322,0.00004083,2024-12-10T19:22:54.763189142-05:00
BTC-USD,96627.221334,1,ask,96629.142668,0.00001988,2024-12-10T19:23:55.406875686-05:00
BTC-USD,96481.519454,1,ask,96485.938908,0.00004581,2024-12-10T19:24:56.061121208-05:00
BTC-USD,96433.05896,1,ask,96436.57792,0.00003649,2024-12-10T19:25:56.741041764-05:00
BTC-USD,96436.67935,1,ask,96440.7387,0.00004209,2024-12-10T19:26:57.381760333-05:00
BTC-USD,96464.358722,1,ask,96471.903332,0.00007821,2024-12-10T19:27:58.062292264-05:00
BTC-USD,96447.721606,1,ask,96452.413212,0.00004864,2024-12-10T19:28:58.71864782-05:00
BTC-USD,96353.87768,1,ask,96356.94536,0.00003184,2024-12-10T19:29:59.366011311-05:00
BTC-USD,96361.888366,1,ask,96369.986448,0.00008404,2024-12-10T19:30:59.941843429-05:00
BTC-USD,96470.981148,1,ask,96480.25322,0.00009611,2024-12-10T19:32:00.614038286-05:00
BTC-USD,96434.746864,1,ask,96443.524908,0.00009103,2024-12-10T19:33:01.238892346-05:00
BTC-USD,96268.751914,1,ask,96282.524272,0.00014306,2024-12-10T19:34:01.907390607-05:00
BTC-USD,96276.468698,1,ask,96293.239552,0.00017419,2024-12-10T19:35:02.517183272-05:00
BTC-USD,96324.547128,1,ask,96339.350304,0.00015368,2024-12-10T19:36:03.203895415-05:00
BTC-USD,96249.855622,1,ask,96258.7644,0.00009256,2024-12-10T19:37:03.806745316-05:00
BTC-USD,96275.35881,1,ask,96278.01762,0.00002762,2024-12-10T19:38:04.446631378-05:00
BTC-USD,96222.996484,1,ask,96229.312968,0.00006564,2024-12-10T19:39:05.110592376-05:00
BTC-USD,96202.365116,1,ask,96216.709476,0.00014911,2024-12-10T19:40:05.71178893-05:00
BTC-USD,96102.782184,1,ask,96107.874368,0.00005299,2024-12-10T19:41:06.3633845-05:00
BTC-USD,96083.753324,1,ask,96085.816648,0.00002147,2024-12-10T19:42:06.984880428-05:00
BTC-USD,96049.01456,1,ask,96051.76912,0.00002868,2024-12-10T19:43:07.613178385-05:00
BTC-USD,95962.30564,1,ask,95965.42128,0.00003247,2024-12-10T19:44:08.240875625-05:00
BTC-USD,96029.938678,1,ask,96050.482844,0.00021394,2024-12-10T19:45:08.873996736-05:00
BTC-USD,95985.79182,1,ask,95993.14492,0.00007661,2024-12-10T19:46:09.481173399-05:00
BTC-USD,96158.232162,1,ask,96166.921956,0.00009037,2024-12-10T19:47:10.129324953-05:00
BTC-USD,96199.395936,1,ask,96205.921872,0.00006784,2024-12-10T19:48:10.848229703-05:00
BTC-USD,96239.074132,1,ask,96242.968264,0.00004046,2024-12-10T19:49:11.522588011-05:00
BTC-USD,96188.6308,1,ask,96193.0716,0.00004617,2024-12-10T19:50:12.174615522-05:00
BTC-USD,96187.388326,1,ask,96191.496652,0.00004271,2024-12-10T19:51:12.818628747-05:00
BTC-USD,96278.224496,1,ask,96288.095436,0.00010253,2024-12-10T19:52:13.447264605-05:00
BTC-USD,96416.500956,1,ask,96425.149212,0.0000897,2024-12-10T19:53:14.088853012-05:00
BTC-USD,96456.386186,1,ask,96465.424284,0.0000937,2024-12-10T19:54:14.743914808-05:00
BTC-USD,96500.960266,1,ask,96518.293696,0.00017962,2024-12-10T19:55:15.370990024-05:00
BTC-USD,96573.208476,1,ask,96582.065984,0.00009172,2024-12-10T19:56:15.997188967-05:00
BTC-USD,96569.946742,1,ask,96577.923484,0.0000826,2024-12-10T19:57:16.641867765-05:00
BTC-USD,96426.268478,1,ask,96436.067264,0.00010162,2024-12-10T19:58:17.245524381-05:00
BTC-USD,96482.490048,1,ask,96494.256192,0.00012195,2024-12-10T19:59:17.870593036-05:00
BTC-USD,96425.949798,1,ask,96433.689596,0.00008027,2024-12-10T20:00:18.518984868-05:00
BTC-USD,96331.467196,1,ask,96337.434392,0.00006194,2024-12-10T20:01:19.150729076-05:00
BTC-USD,96303.734068,1,ask,96312.469208,0.0000907,2024-12-10T20:02:19.789331411-05:00
BTC-USD,96190.650994,1,ask,96203.93004,0.00013805,2024-12-10T20:03:20.403500838-05:00
BTC-USD,96265.821482,1,ask,96280.619284,0.00015372,2024-12-10T20:04:21.007943812-05:00
BTC-USD,96265.75779,1,ask,96283.128212,0.00018044,2024-12-10T20:05:21.665289833-05:00
BTC-USD,96370.040224,1,ask,96381.656636,0.00012054,2024-12-10T20:06:22.285411556-05:00
BTC-USD,96429.336328,1,ask,96438.402656,0.00009402,2024-12-10T20:07:22.89807327-05:00
BTC-USD,96353.20331,1,ask,96363.42812,0.00010612,2024-12-10T20:08:23.534070581-05:00
BTC-USD,96253.224076,1,ask,96272.623808,0.00020155,2024-12-10T20:09:24.167496981-05:00
BTC-USD,96204.50912,1,ask,96213.314796,0.00009153,2024-12-10T20:10:24.774405281-05:00
BTC-USD,96114.40379,1,ask,96124.575424,0.00010583,2024-12-10T20:11:25.428785191-05:00
BTC-USD,96218.216902,1,ask,96225.783804,0.00007864,2024-12-10T20:12:26.070981996-05:00
