symbol,price,quantity,side,ask_inclusive_of_buy_spread,buy_spread,timestamp
ETH-USD,3713.99142,1,ask,3714.05284,0.00001654,2024-12-11T06:04:10.139541796-05:00
ETH-USD,3713.70142,1,ask,3713.76284,0.00001654,2024-12-11T06:05:10.952722738-05:00
ETH-USD,3712.12142,1,ask,3712.18284,0.00001655,2024-12-11T06:06:11.814935573-05:00
ETH-USD,3712.37142,1,ask,3712.43284,0.00001654,2024-12-11T06:07:12.653966627-05:00
ETH-USD,3711.280408,1,ask,3711.470816,0.00005131,2024-12-11T06:08:13.536040323-05:00
ETH-USD,3709.36725,1,ask,3709.4645,0.00002622,2024-12-11T06:09:14.37340219-05:00
ETH-USD,3712.3183225,1,ask,3712.366645,0.00001302,2024-12-11T06:10:15.175297676-05:00
ETH-USD,3712.54642,1,ask,3712.76284,0.00005829,2024-12-11T06:11:15.985717922-05:00
ETH-USD,3712.4204125,1,ask,3712.480825,0.00001627,2024-12-11T06:12:16.771809646-05:00
ETH-USD,3712.383239,1,ask,3712.506478,0.0000332,2024-12-11T06:13:17.5760133-05:00
ETH-USD,3712.16142,1,ask,3712.22284,0.00001655,2024-12-11T06:14:18.435052818-05:00
ETH-USD,3715.03142,1,ask,3715.09284,0.00001653,2024-12-11T06:15:19.256581789-05:00
ETH-USD,3715.51515,1,ask,3715.5403,0.00000677,2024-12-11T06:16:20.101526723-05:00
ETH-USD,3718.6120525,1,ask,3718.854105,0.00006509,2024-12-11T06:17:20.893634748-05:00
ETH-USD,3718.05112,1,ask,3718.07224,0.00000568,2024-12-11T06:18:21.710128208-05:00
ETH-USD,3720.935639,1,ask,3721.171278,0.00006333,2024-12-11T06:19:22.605128382-05:00
ETH-USD,3720.15142,1,ask,3720.21284,0.00001651,2024-12-11T06:20:23.433802122-05:00
ETH-USD,3719.06142,1,ask,3719.12284,0.00001651,2024-12-11T06:21:24.311362347-05:00
ETH-USD,3719.51142,1,ask,3719.57284,0.00001651,2024-12-11T06:22:25.116901592-05:00
ETH-USD,3715.03142,1,ask,3715.09284,0.00001653,2024-12-11T06:23:25.951972302-05:00
ETH-USD,3721.237586,1,ask,3721.465172,0.00006116,2024-12-11T06:24:26.816446512-05:00
ETH-USD,3720.2441695,1,ask,3720.388339,0.00003875,2024-12-11T06:25:27.658543563-05:00
ETH-USD,3710.34243249988,1,ask,3720.61,0.00276728,2024-12-11T06:26:28.527003539-05:00
ETH-USD,3720.2584795,1,ask,3720.326959,0.00001841,2024-12-11T06:27:29.369961208-05:00
ETH-USD,3722.16142,1,ask,3722.22284,0.0000165,2024-12-11T06:28:30.238184363-05:00
ETH-USD,3723.92142,1,ask,3723.98284,0.00001649,2024-12-11T06:29:31.147831756-05:00
ETH-USD,3721.9683975,1,ask,3722.026795,0.00001569,2024-12-11T06:30:31.992283522-05:00
ETH-USD,3721.09836,1,ask,3721.29672,0.00005331,2024-12-11T06:31:32.82991505-05:00
ETH-USD,3720.1142925,1,ask,3720.158585,0.00001191,2024-12-11T06:32:33.661612445-05:00
ETH-USD,3721.27142,1,ask,3721.33284,0.00001651,2024-12-11T06:33:34.476852945-05:00
ETH-USD,3722.1701335,1,ask,3722.660267,0.00013168,2024-12-11T06:34:35.324279096-05:00
ETH-USD,3723.38142,1,ask,3723.44284,0.0000165,2024-12-11T06:35:36.171556631-05:00
ETH-USD,3725.13142,1,ask,3725.19284,0.00001649,2024-12-11T06:36:38.006439223-05:00
ETH-USD,3729.551154,1,ask,3729.692308,0.00003785,2024-12-11T06:37:38.852517319-05:00
ETH-USD,3719.805,1,ask,3719.81,0.00000134,2024-12-11T06:38:39.638698911-05:00
ETH-USD,3717.7080975,1,ask,3717.78433,0.00002051,2024-12-11T06:39:40.456265702-05:00
ETH-USD,3716.4499625,1,ask,3716.56806,0.00003178,2024-12-11T06:40:41.287254957-05:00
ETH-USD,3716.69,1,ask,3716.69,0,2024-12-11T06:41:42.104707823-05:00
ETH-USD,3713.7804125,1,ask,3713.84284,0.00001681,2024-12-11T06:42:42.938752791-05:00
ETH-USD,3712.81142,1,ask,3712.87284,0.00001654,2024-12-11T06:43:43.760864708-05:00
ETH-USD,3713.083135,1,ask,3713.10627,0.00000623,2024-12-11T06:44:44.587408375-05:00
ETH-USD,3715.425225,1,ask,3715.46045,0.00000948,2024-12-11T06:45:45.449001264-05:00
ETH-USD,3712.52142,1,ask,3712.58284,0.00001654,2024-12-11T06:46:46.339504988-05:00
ETH-USD,3712.55142,1,ask,3712.61284,0.00001654,2024-12-11T06:47:47.220230686-05:00
ETH-USD,3712.8241425,1,ask,3712.848285,0.0000065,2024-12-11T06:48:48.032097256-05:00
ETH-USD,3707.7242175,1,ask,3707.76851,0.00001195,2024-12-11T06:49:48.884255023-05:00
ETH-USD,3707.0023525,1,ask,3707.054705,0.00001412,2024-12-11T06:50:49.739394534-05:00
ETH-USD,3709.5160075,1,ask,3709.642165,0.00003401,2024-12-11T06:51:50.551886118-05:00
ETH-USD,3710.483285,1,ask,3710.52657,0.00001167,2024-12-11T06:52:51.380107792-05:00
ETH-USD,3711.689255,1,ask,3711.72851,0.00001058,2024-12-11T06:53:52.217216987-05:00
ETH-USD,3713.0421275,1,ask,3713.064255,0.00000596,2024-12-11T06:54:53.077166286-05:00
ETH-USD,3712.2403375,1,ask,3712.290675,0.00001356,2024-12-11T06:55:53.860785675-05:00
ETH-USD,3714.09,1,ask,3714.35,0.00007,2024-12-11T06:56:54.65641574-05:00
ETH-USD,3716.318077,1,ask,3716.396154,0.00002101,2024-12-11T06:57:55.516284355-05:00
ETH-USD,3717.4439925,1,ask,3717.45806,0.00000378,2024-12-11T06:58:56.380330598-05:00
ETH-USD,3719.5699775,1,ask,3719.659955,0.00002419,2024-12-11T06:59:57.266744702-05:00
ETH-USD,3721.534815838865,1,ask,3742.28403394133,0.00557545,2024-12-11T07:00:58.123063876-05:00
ETH-USD,3722.979166641065,1,ask,3742.97544133257,0.00537104,2024-12-11T07:01:58.96038025-05:00
ETH-USD,3724.488778579525,1,ask,3744.60598411433,0.00540133,2024-12-11T07:02:59.824874727-05:00
ETH-USD,3725.3207020526,1,ask,3745.4,0.00538995,2024-12-11T07:04:00.693392227-05:00
ETH-USD,3726.00879802493,1,ask,3746.07770872402,0.00538617,2024-12-11T07:05:01.565732511-05:00
ETH-USD,3724.21588420867,1,ask,3744.45822515058,0.00543533,2024-12-11T07:06:02.437412916-05:00
ETH-USD,3727.10000510288,1,ask,3747.53,0.00548147,2024-12-11T07:07:03.284022869-05:00
ETH-USD,3724.940912224325,1,ask,3745.26699678453,0.00545675,2024-12-11T07:08:04.105327957-05:00
ETH-USD,3721.991693063675,1,ask,3741.96383697031,0.00536598,2024-12-11T07:09:04.88082179-05:00
ETH-USD,3721.452985,1,ask,3721.49209,0.00001051,2024-12-11T07:10:05.663820454-05:00
ETH-USD,3720.016865,1,ask,3720.04,0.00000622,2024-12-11T07:11:06.508490322-05:00
ETH-USD,3714.725,1,ask,3714.858135,0.00003584,2024-12-11T07:12:07.418264681-05:00
ETH-USD,3713.835,1,ask,3714.09,0.00006866,2024-12-11T07:13:08.257276943-05:00
ETH-USD,3717.8251875,1,ask,3717.920375,0.0000256,2024-12-11T07:14:09.009452621-05:00
ETH-USD,3716.77515,1,ask,3716.9903,0.00005789,2024-12-11T07:15:09.858403967-05:00
ETH-USD,3715.44,1,ask,3715.5,0.00001615,2024-12-11T07:16:10.7112562-05:00
ETH-USD,3718.362015,1,ask,3718.63403,0.00007315,2024-12-11T07:17:11.524942596-05:00
ETH-USD,3723.231045,1,ask,3723.248135,0.00000459,2024-12-11T07:18:12.308510751-05:00
ETH-USD,3721.4939925,1,ask,3721.55015,0.00001509,2024-12-11T07:19:13.160022487-05:00
ETH-USD,3721.940075,1,ask,3722.01015,0.00001883,2024-12-11T07:20:14.052769033-05:00
ETH-USD,3726.147165,1,ask,3726.17433,0.00000729,2024-12-11T07:21:14.855848587-05:00
ETH-USD,3728.118808,1,ask,3728.157616,0.00001041,2024-12-11T07:22:15.714068961-05:00
ETH-USD,3725.191229,1,ask,3725.342458,0.0000406,2024-12-11T07:23:16.537271143-05:00
ETH-USD,3726.256045,1,ask,3726.45209,0.00005261,2024-12-11T07:24:17.335460033-05:00
ETH-USD,3727.5658245,1,ask,3727.751649,0.00004985,2024-12-11T07:25:18.348478743-05:00
ETH-USD,3728.032685,1,ask,3728.08,0.00001269,2024-12-11T07:26:19.099210976-05:00
ETH-USD,3729.2135775,1,ask,3729.367155,0.00004118,2024-12-11T07:27:19.909978737-05:00
ETH-USD,3725.061294,1,ask,3725.170648,0.00002936,2024-12-11T07:28:20.768526711-05:00
ETH-USD,3728.375375,1,ask,3728.43075,0.00001485,2024-12-11T07:29:21.585422321-05:00
ETH-USD,3728.45515,1,ask,3728.4803,0.00000675,2024-12-11T07:30:22.412342216-05:00
ETH-USD,3727.682392,1,ask,3727.732919,0.00001355,2024-12-11T07:31:23.209075658-05:00
ETH-USD,3726.418955,1,ask,3726.526045,0.00002874,2024-12-11T07:32:24.020769041-05:00
ETH-USD,3730.615,1,ask,3730.9,0.00007639,2024-12-11T07:33:24.777300165-05:00
ETH-USD,3731.359255,1,ask,3731.39851,0.00001052,2024-12-11T07:34:25.520366424-05:00
ETH-USD,3733.078135,1,ask,3733.12642,0.00001293,2024-12-11T07:35:26.303596693-05:00
ETH-USD,3734.347462,1,ask,3734.410225,0.00001681,2024-12-11T07:36:27.090275171-05:00
ETH-USD,3735.163691,1,ask,3735.317382,0.00004115,2024-12-11T07:37:27.942559898-05:00
ETH-USD,3731.9995875,1,ask,3732.06,0.00001619,2024-12-11T07:38:28.720697603-05:00
ETH-USD,3735.93858,1,ask,3736,0.00001644,2024-12-11T07:39:29.579098506-05:00
ETH-USD,3738.82858,1,ask,3738.89,0.00001643,2024-12-11T07:40:30.390695607-05:00
ETH-USD,3736.2911845,1,ask,3736.488564,0.00005283,2024-12-11T07:41:31.162391338-05:00
ETH-USD,3736.003583,1,ask,3736.227466,0.00005993,2024-12-11T07:42:31.96032141-05:00
ETH-USD,3731.4377975,1,ask,3731.492165,0.00001457,2024-12-11T07:43:32.799094904-05:00
ETH-USD,3729.2856375,1,ask,3729.461275,0.0000471,2024-12-11T07:44:33.583856357-05:00
ETH-USD,3729.2201875,1,ask,3729.450375,0.00006173,2024-12-11T07:45:34.406222105-05:00
ETH-USD,3730.1995875,1,ask,3730.26,0.0000162,2024-12-11T07:46:35.176770174-05:00
ETH-USD,3730.74858,1,ask,3730.81,0.00001646,2024-12-11T07:47:35.985399874-05:00
ETH-USD,3729.3639925,1,ask,3729.412165,0.00001292,2024-12-11T07:48:36.862565614-05:00
ETH-USD,3731.0557825,1,ask,3731.09,0.00000917,2024-12-11T07:49:37.765740556-05:00
ETH-USD,3729.09,1,ask,3729.23,0.00003754,2024-12-11T07:50:38.554145317-05:00
ETH-USD,3722.489925,1,ask,3722.71821,0.00006133,2024-12-11T07:51:39.357819995-05:00
ETH-USD,3724.1538425,1,ask,3724.18,0.00000702,2024-12-11T07:52:40.201923875-05:00
ETH-USD,3720.1301875,1,ask,3720.21254,0.00002214,2024-12-11T07:53:40.99540517-05:00
ETH-USD,3723.9092235,1,ask,3723.958447,0.00001322,2024-12-11T07:54:41.780306672-05:00
ETH-USD,3723.4422025,1,ask,3723.47642,0.00000919,2024-12-11T07:55:42.572063548-05:00
ETH-USD,3725.5907225,1,ask,3725.695625,0.00002816,2024-12-11T07:56:43.375814341-05:00
ETH-USD,3725.955225,1,ask,3726.10045,0.00003898,2024-12-11T07:57:44.216809565-05:00
ETH-USD,3726.0119775,1,ask,3726.08015,0.0000183,2024-12-11T07:58:45.082879325-05:00
ETH-USD,3725.518859,1,ask,3725.737718,0.00005875,2024-12-11T07:59:45.914770042-05:00
ETH-USD,3726.8649135,1,ask,3726.989827,0.00003352,2024-12-11T08:00:46.794773444-05:00
ETH-USD,3728.7960075,1,ask,3728.912165,0.00003115,2024-12-11T08:01:47.697976148-05:00
ETH-USD,3726.7691655,1,ask,3726.868331,0.00002661,2024-12-11T08:02:48.539528457-05:00
ETH-USD,3725.240745,1,ask,3725.28,0.00001054,2024-12-11T08:03:49.415545465-05:00
ETH-USD,3724.5383225,1,ask,3724.586645,0.00001297,2024-12-11T08:04:50.303409974-05:00
ETH-USD,3731.686715,1,ask,3731.73403,0.00001268,2024-12-11T08:05:51.150688395-05:00
ETH-USD,3729.9062325,1,ask,3729.942465,0.00000971,2024-12-11T08:06:51.948021777-05:00
ETH-USD,3728.1434975,1,ask,3728.269085,0.00003369,2024-12-11T08:07:52.815076781-05:00
ETH-USD,3734.1734865,1,ask,3734.307123,0.00003579,2024-12-11T08:08:53.642907532-05:00
ETH-USD,3726.3389175,1,ask,3726.496045,0.00004217,2024-12-11T08:09:54.530276996-05:00
ETH-USD,3728.4860825,1,ask,3728.502165,0.00000431,2024-12-11T08:10:55.382239253-05:00
ETH-USD,3724.36,1,ask,3724.47,0.00002954,2024-12-11T08:11:56.172788493-05:00
ETH-USD,3724.992096,1,ask,3725.038297,0.0000124,2024-12-11T08:12:57.007283726-05:00
ETH-USD,3723.976045,1,ask,3724.032315,0.00001511,2024-12-11T08:13:57.812034055-05:00
ETH-USD,3721.974762,1,ask,3722.100602,0.00003381,2024-12-11T08:14:58.653410442-05:00
ETH-USD,3714.083285,1,ask,3714.41657,0.00008974,2024-12-11T08:15:59.538153692-05:00
ETH-USD,3714.76858,1,ask,3714.83,0.00001653,2024-12-11T08:17:00.420962535-05:00
ETH-USD,3714.6299625,1,ask,3714.718135,0.00002374,2024-12-11T08:18:01.292020241-05:00
ETH-USD,3716.4551125,1,ask,3716.53239,0.00002079,2024-12-11T08:19:02.137036347-05:00
ETH-USD,3716.2519775,1,ask,3716.27209,0.00000541,2024-12-11T08:20:03.010968705-05:00
ETH-USD,3717.313481,1,ask,3717.526962,0.00005743,2024-12-11T08:21:03.75958879-05:00
ETH-USD,3719.7280225,1,ask,3719.82418,0.00002585,2024-12-11T08:22:04.556585666-05:00
ETH-USD,3721.77142,1,ask,3721.83284,0.0000165,2024-12-11T08:23:05.457297163-05:00
ETH-USD,3724.589111,1,ask,3724.758372,0.00004544,2024-12-11T08:24:06.327065889-05:00
ETH-USD,3726.9258575,1,ask,3726.95,0.00000648,2024-12-11T08:25:07.164786004-05:00
ETH-USD,3725.286422,1,ask,3725.342994,0.00001519,2024-12-11T08:26:07.999464378-05:00
ETH-USD,3724.3730975,1,ask,3724.44433,0.00001913,2024-12-11T08:27:08.870081392-05:00
ETH-USD,3724.84306,1,ask,3724.934255,0.00002448,2024-12-11T08:28:09.652971902-05:00
ETH-USD,3725.0628065,1,ask,3725.115613,0.00001418,2024-12-11T08:29:10.495673857-05:00
ETH-USD,3736.1351125,1,ask,3736.41851,0.00007585,2024-12-11T08:30:11.289837318-05:00
ETH-USD,3739.5990675,1,ask,3739.70627,0.00002867,2024-12-11T08:31:12.191963419-05:00
ETH-USD,3745.2912325,1,ask,3745.45851,0.00004466,2024-12-11T08:32:13.047102653-05:00
ETH-USD,3748.570198,1,ask,3748.820225,0.0000667,2024-12-11T08:33:13.930205948-05:00
ETH-USD,3747.2189175,1,ask,3747.372165,0.0000409,2024-12-11T08:34:14.759322609-05:00
ETH-USD,3748.5097375,1,ask,3748.57209,0.00001663,2024-12-11T08:35:15.626925107-05:00
ETH-USD,3741.98156224882,1,ask,3752.03,0.00268533,2024-12-11T08:36:16.49789316-05:00
ETH-USD,3751.903955,1,ask,3752.026195,0.00003258,2024-12-11T08:37:17.349103088-05:00
ETH-USD,3749.3860075,1,ask,3749.638285,0.00006729,2024-12-11T08:38:18.186698675-05:00
ETH-USD,3743.886495,1,ask,3744.517095,0.00016843,2024-12-11T08:39:19.070071862-05:00
ETH-USD,3732.6481725,1,ask,3733.348585,0.00018764,2024-12-11T08:40:19.95339514-05:00
ETH-USD,3728.85627,1,ask,3729.13478,0.00007469,2024-12-11T08:41:20.780294304-05:00
ETH-USD,3735.6489925,1,ask,3735.8203,0.00004586,2024-12-11T08:42:21.611329925-05:00
ETH-USD,3743.607315,1,ask,3743.834855,0.00006078,2024-12-11T08:43:22.422311197-05:00
ETH-USD,3745.1582475,1,ask,3745.466495,0.00008231,2024-12-11T08:44:23.234390172-05:00
ETH-USD,3741.4922025,1,ask,3741.61881,0.00003384,2024-12-11T08:45:24.048406766-05:00
ETH-USD,3740.512966,1,ask,3740.65881,0.00003899,2024-12-11T08:46:24.8984575-05:00
ETH-USD,3741.0977225,1,ask,3741.228285,0.0000349,2024-12-11T08:47:25.696834927-05:00
ETH-USD,3742.692207,1,ask,3742.852624,0.00004286,2024-12-11T08:48:26.491475008-05:00
ETH-USD,3740.9572035,1,ask,3741.067097,0.00002938,2024-12-11T08:49:27.284628782-05:00
ETH-USD,3739.54582,1,ask,3739.65448,0.00002906,2024-12-11T08:50:28.112722706-05:00
ETH-USD,3736.223285,1,ask,3736.30284,0.00002129,2024-12-11T08:51:28.899878963-05:00
ETH-USD,3735.7823525,1,ask,3735.95284,0.00004564,2024-12-11T08:52:29.690238343-05:00
ETH-USD,3734.865895,1,ask,3735.090375,0.0000601,2024-12-11T08:53:30.546429545-05:00
ETH-USD,3738.7779475,1,ask,3738.840375,0.0000167,2024-12-11T08:54:31.341358042-05:00
ETH-USD,3735.418135,1,ask,3735.63017,0.00005676,2024-12-11T08:55:32.061447069-05:00
ETH-USD,3739.4857075,1,ask,3739.594255,0.00002903,2024-12-11T08:56:32.864199389-05:00
ETH-USD,3742.1312325,1,ask,3742.360525,0.00006127,2024-12-11T08:57:33.698314656-05:00
ETH-USD,3744.3929475,1,ask,3744.47418,0.00002169,2024-12-11T08:58:34.475971528-05:00
ETH-USD,3747.17679,1,ask,3747.25433,0.00002069,2024-12-11T08:59:43.094770927-05:00
ETH-USD,3747.507015,1,ask,3747.878585,0.00009915,2024-12-11T09:00:43.889020968-05:00
ETH-USD,3746.341865,1,ask,3746.672465,0.00008825,2024-12-11T09:01:44.70023858-05:00
ETH-USD,3750.0537675,1,ask,3750.18239,0.0000343,2024-12-11T09:02:45.520110438-05:00
ETH-USD,3749.2,1,ask,3749.41015,0.00005605,2024-12-11T09:03:46.349482072-05:00
ETH-USD,3743.400745,1,ask,3743.57224,0.00004581,2024-12-11T09:04:47.169290495-05:00
ETH-USD,3746.7992175,1,ask,3747.01254,0.00005693,2024-12-11T09:05:47.968077898-05:00
ETH-USD,3745.19291,1,ask,3745.388285,0.00005217,2024-12-11T09:06:48.808929613-05:00
ETH-USD,3740.31306,1,ask,3740.416345,0.00002761,2024-12-11T09:07:49.632487159-05:00
ETH-USD,3736.064925,1,ask,3736.23433,0.00004534,2024-12-11T09:08:50.465477972-05:00
ETH-USD,3735.9377975,1,ask,3736.12,0.00004877,2024-12-11T09:09:51.294452048-05:00
ETH-USD,3730.555,1,ask,3730.8,0.00006567,2024-12-11T09:10:52.146258132-05:00
ETH-USD,3731.056715,1,ask,3731.32,0.00007057,2024-12-11T09:11:52.97357881-05:00
ETH-USD,3730.8229475,1,ask,3730.958135,0.00003624,2024-12-11T09:12:53.769283883-05:00
ETH-USD,3727.80806,1,ask,3727.914255,0.00002849,2024-12-11T09:13:54.615425989-05:00
ETH-USD,3732.356045,1,ask,3732.67224,0.00008472,2024-12-11T09:14:55.457975307-05:00
ETH-USD,3725.6318275,1,ask,3725.70433,0.00001946,2024-12-11T09:15:56.213315453-05:00
ETH-USD,3723.781045,1,ask,3723.85657,0.00002028,2024-12-11T09:16:57.158929551-05:00
ETH-USD,3719.6036925,1,ask,3719.680225,0.00002058,2024-12-11T09:17:58.019487603-05:00
ETH-USD,3725.5295875,1,ask,3725.592015,0.00001676,2024-12-11T09:18:58.853908142-05:00
ETH-USD,3726.90612,1,ask,3727.010525,0.00002801,2024-12-11T09:19:59.669193802-05:00
ETH-USD,3724.83858,1,ask,3725.45,0.00016415,2024-12-11T09:21:00.468750978-05:00
ETH-USD,3729.395,1,ask,3729.67,0.00007374,2024-12-11T09:22:01.278537501-05:00
ETH-USD,3734.0783225,1,ask,3734.12866,0.00001348,2024-12-11T09:23:02.107842162-05:00
ETH-USD,3734.7109325,1,ask,3734.83,0.00003188,2024-12-11T09:24:02.856591521-05:00
ETH-USD,3737.1849625,1,ask,3737.270225,0.00002281,2024-12-11T09:25:03.709152523-05:00
ETH-USD,3740.3789175,1,ask,3740.49612,0.00003133,2024-12-11T09:26:04.498095867-05:00
ETH-USD,3739.6590675,1,ask,3739.830375,0.00004581,2024-12-11T09:27:05.432566148-05:00
ETH-USD,3731.1677975,1,ask,3731.202015,0.00000917,2024-12-11T09:28:06.254942816-05:00
ETH-USD,3732.2703375,1,ask,3732.320675,0.00001349,2024-12-11T09:29:07.088470238-05:00
ETH-USD,3729.965,1,ask,3730.518585,0.00014842,2024-12-11T09:30:07.911076297-05:00
ETH-USD,3727.9610825,1,ask,3728.194405,0.00006259,2024-12-11T09:31:08.770929685-05:00
ETH-USD,3728.7781725,1,ask,3728.83657,0.00001566,2024-12-11T09:32:09.641326598-05:00
ETH-USD,3727.1842255,1,ask,3727.523156,0.00009093,2024-12-11T09:33:10.475142027-05:00
ETH-USD,3738.2908575,1,ask,3738.342165,0.00001372,2024-12-11T09:34:11.348428355-05:00
ETH-USD,3739.753367,1,ask,3739.895094,0.0000379,2024-12-11T09:35:12.15112273-05:00
ETH-USD,3743.5400375,1,ask,3743.656345,0.00003107,2024-12-11T09:36:12.978972244-05:00
ETH-USD,3743.688135,1,ask,3743.892465,0.00005458,2024-12-11T09:37:13.892219233-05:00
ETH-USD,3742.892316,1,ask,3743.169187,0.00007397,2024-12-11T09:38:14.726359744-05:00
ETH-USD,3738.140081,1,ask,3739.080162,0.00025148,2024-12-11T09:39:15.556381653-05:00
ETH-USD,3737.8515355,1,ask,3738.031356,0.00004811,2024-12-11T09:40:16.42473044-05:00
ETH-USD,3743.0354895,1,ask,3743.225159,0.00005067,2024-12-11T09:41:17.296673021-05:00
ETH-USD,3733.283831,1,ask,3733.577737,0.00007873,2024-12-11T09:42:18.146015352-05:00
ETH-USD,3735.3042925,1,ask,3735.818585,0.00013768,2024-12-11T09:43:18.991106049-05:00
ETH-USD,3736.95709,1,ask,3737.16418,0.00005542,2024-12-11T09:44:19.904206738-05:00
ETH-USD,3743.941345,1,ask,3744.489168,0.00014632,2024-12-11T09:45:20.684234323-05:00
ETH-USD,3754.0074275,1,ask,3754.314855,0.00008189,2024-12-11T09:46:21.562225883-05:00
ETH-USD,3757.854775,1,ask,3758.228285,0.00009939,2024-12-11T09:47:22.44213317-05:00
ETH-USD,3759.8203,1,ask,3759.914855,0.00002515,2024-12-11T09:48:23.272381347-05:00
ETH-USD,3762.5710115,1,ask,3762.761658,0.00005067,2024-12-11T09:49:24.11580771-05:00
ETH-USD,3765.74,1,ask,3766,0.00006904,2024-12-11T09:50:24.969752746-05:00
ETH-USD,3770.08179,1,ask,3770.418435,0.00008929,2024-12-11T09:51:25.824864241-05:00
ETH-USD,3773.243135,1,ask,3773.434855,0.00005081,2024-12-11T09:52:26.670191072-05:00
ETH-USD,3776.3714575,1,ask,3776.612915,0.00006394,2024-12-11T09:53:27.508884739-05:00
ETH-USD,3772.923285,1,ask,3773.120825,0.00005236,2024-12-11T09:54:28.371497351-05:00
ETH-USD,3777.6044425,1,ask,3777.908885,0.00008059,2024-12-11T09:55:29.153876636-05:00
ETH-USD,3768.0675725,1,ask,3768.42,0.00009353,2024-12-11T09:56:30.013009079-05:00
ETH-USD,3773.452015,1,ask,3773.754855,0.00008026,2024-12-11T09:57:30.910282151-05:00
ETH-USD,3771.5272725,1,ask,3771.75,0.00005905,2024-12-11T09:58:31.72938115-05:00
ETH-USD,3776.3025725,1,ask,3776.53,0.00006022,2024-12-11T09:59:32.532441642-05:00
ETH-USD,3775.9175725,1,ask,3776.29,0.00009863,2024-12-11T10:00:33.422607716-05:00
ETH-USD,3773.3457075,1,ask,3774.02,0.0001787,2024-12-11T10:01:34.255654441-05:00
ETH-USD,3769.92246,1,ask,3770.13,0.00005505,2024-12-11T10:02:35.145710322-05:00
ETH-USD,3774.8136175,1,ask,3775.11209,0.00007907,2024-12-11T10:03:35.98322128-05:00
ETH-USD,3778.5069775,1,ask,3779.178585,0.00017774,2024-12-11T10:04:36.799147464-05:00
ETH-USD,3782.8192925,1,ask,3783.174855,0.00009399,2024-12-11T10:05:37.692207185-05:00
ETH-USD,3784.355,1,ask,3784.594855,0.00006338,2024-12-11T10:06:38.581792793-05:00
ETH-USD,3788.672015,1,ask,3788.904855,0.00006146,2024-12-11T10:07:39.461671485-05:00
ETH-USD,3784.33403,1,ask,3784.52254,0.00004981,2024-12-11T10:08:40.356677676-05:00
ETH-USD,3779.645,1,ask,3779.794855,0.00003965,2024-12-11T10:09:41.133674072-05:00
ETH-USD,3778.3992175,1,ask,3778.594855,0.00005178,2024-12-11T10:10:41.997160458-05:00
ETH-USD,3786.551865,1,ask,3786.728585,0.00004667,2024-12-11T10:11:42.883799997-05:00
ETH-USD,3787.4,1,ask,3787.86,0.00012146,2024-12-11T10:12:43.729698086-05:00
ETH-USD,3787.386055,1,ask,3787.566515,0.00004765,2024-12-11T10:13:44.503164546-05:00
ETH-USD,3787.56359,1,ask,3787.88166,0.00008398,2024-12-11T10:14:45.367314131-05:00
ETH-USD,3796.9199625,1,ask,3797.0406,0.00003177,2024-12-11T10:15:46.21861732-05:00
ETH-USD,3788.236865,1,ask,3788.458585,0.00005853,2024-12-11T10:16:47.004772008-05:00
ETH-USD,3782.2478725,1,ask,3782.64642,0.00010537,2024-12-11T10:17:47.827670748-05:00
ETH-USD,3790.4896625,1,ask,3790.56418,0.00001966,2024-12-11T10:18:48.693094861-05:00
ETH-USD,3793.5867655,1,ask,3793.743531,0.00004132,2024-12-11T10:19:49.509457774-05:00
ETH-USD,3791.2974275,1,ask,3791.634855,0.000089,2024-12-11T10:20:50.353329764-05:00
ETH-USD,3801.49791,1,ask,3801.678435,0.00004749,2024-12-11T10:21:51.218818721-05:00
ETH-USD,3798.0939925,1,ask,3798.21284,0.00003129,2024-12-11T10:22:52.088847911-05:00
ETH-USD,3806.7325255,1,ask,3806.903186,0.00004483,2024-12-11T10:23:52.939846716-05:00
ETH-USD,3811.8110075,1,ask,3812.028585,0.00005708,2024-12-11T10:24:53.730108973-05:00
ETH-USD,3818.5407825,1,ask,3818.818585,0.00007275,2024-12-11T10:25:54.524487803-05:00
ETH-USD,3820.5449055,1,ask,3821.336681,0.00020724,2024-12-11T10:26:55.383547273-05:00
ETH-USD,3825.34746,1,ask,3825.42,0.00001896,2024-12-11T10:27:56.262550988-05:00
ETH-USD,3818.271265,1,ask,3818.52,0.00006514,2024-12-11T10:28:57.095510389-05:00
ETH-USD,3816.9094,1,ask,3817.03,0.0000316,2024-12-11T10:29:57.907629749-05:00
ETH-USD,3812.1709325,1,ask,3813.22,0.00027519,2024-12-11T10:30:58.765726802-05:00
ETH-USD,3810.056565,1,ask,3810.3,0.00006389,2024-12-11T10:32:02.665988244-05:00
ETH-USD,3801.7266025,1,ask,3802.8,0.00028234,2024-12-11T10:33:03.477877055-05:00
ETH-USD,3811.19,1,ask,3811.46687,0.00007265,2024-12-11T10:34:04.309637898-05:00
ETH-USD,3810.23082,1,ask,3810.32851,0.00002564,2024-12-11T10:35:05.168592528-05:00
ETH-USD,3806.68552,1,ask,3806.75,0.00001694,2024-12-11T10:36:05.995716176-05:00
ETH-USD,3796.7037675,1,ask,3796.79239,0.00002334,2024-12-11T10:37:06.810326552-05:00
ETH-USD,3794.9608575,1,ask,3795.700375,0.00019487,2024-12-11T10:38:07.68624191-05:00
ETH-USD,3796.3157075,1,ask,3796.39627,0.00002122,2024-12-11T10:39:08.521282794-05:00
ETH-USD,3799.605,1,ask,3799.804855,0.0000526,2024-12-11T10:40:09.359691348-05:00
ETH-USD,3802.2964575,1,ask,3802.75777,0.00012132,2024-12-11T10:41:10.183904698-05:00
ETH-USD,3794.1284675,1,ask,3794.39806,0.00007106,2024-12-11T10:42:11.028518062-05:00
ETH-USD,3796.93873,1,ask,3797.03642,0.00002573,2024-12-11T10:43:11.885413833-05:00
ETH-USD,3795.742535,1,ask,3795.81,0.00001777,2024-12-11T10:44:12.672693985-05:00
ETH-USD,3800.9918275,1,ask,3801.242315,0.0000659,2024-12-11T10:45:13.488573129-05:00
ETH-USD,3800.3025725,1,ask,3800.57,0.00007037,2024-12-11T10:46:14.357606-05:00
ETH-USD,3795.0399625,1,ask,3795.244855,0.00005399,2024-12-11T10:47:15.210589336-05:00
ETH-USD,3798.6848875,1,ask,3798.93433,0.00006567,2024-12-11T10:48:16.01817701-05:00
ETH-USD,3794.5422025,1,ask,3794.71075,0.00004442,2024-12-11T10:49:16.818154601-05:00
ETH-USD,3799.6275725,1,ask,3799.91,0.00007433,2024-12-11T10:50:17.606742916-05:00
ETH-USD,3803.4507825,1,ask,3803.696345,0.00006456,2024-12-11T10:51:18.427519816-05:00
ETH-USD,3804.723955,1,ask,3804.87254,0.00003905,2024-12-11T10:52:19.212195113-05:00
ETH-USD,3800.17015,1,ask,3800.432615,0.00006907,2024-12-11T10:53:20.015055067-05:00
ETH-USD,3797.371865,1,ask,3797.638585,0.00007024,2024-12-11T10:54:20.792930686-05:00
ETH-USD,3797.9056325,1,ask,3798.38,0.0001249,2024-12-11T10:55:21.583400529-05:00
ETH-USD,3791.125,1,ask,3791.294855,0.0000448,2024-12-11T10:56:22.514510513-05:00
ETH-USD,3790.392985,1,ask,3790.564555,0.00004526,2024-12-11T10:57:23.357524278-05:00
ETH-USD,3789.5348125,1,ask,3789.70448,0.00004477,2024-12-11T10:58:24.229479391-05:00
ETH-USD,3792.3536175,1,ask,3792.42209,0.00001806,2024-12-11T10:59:25.028332084-05:00
ETH-USD,3794.707835,1,ask,3794.93433,0.00005969,2024-12-11T11:00:25.855549319-05:00
ETH-USD,3796.300745,1,ask,3796.386345,0.00002255,2024-12-11T11:01:26.710869581-05:00
ETH-USD,3800.5263775,1,ask,3800.62,0.00002463,2024-12-11T11:02:27.553375418-05:00
ETH-USD,3799.2595125,1,ask,3799.34612,0.0000228,2024-12-11T11:03:28.425049763-05:00
ETH-USD,3797.876865,1,ask,3798.088585,0.00005575,2024-12-11T11:04:29.259771309-05:00
ETH-USD,3802.90306,1,ask,3803.024855,0.00003203,2024-12-11T11:05:30.129400807-05:00
ETH-USD,3804.6248875,1,ask,3804.77463,0.00003936,2024-12-11T11:06:30.981974861-05:00
ETH-USD,3803.3503,1,ask,3803.674855,0.00008533,2024-12-11T11:07:31.775909627-05:00
ETH-USD,3801.18627,1,ask,3801.87254,0.00018054,2024-12-11T11:08:32.665821959-05:00
ETH-USD,3795.9277225,1,ask,3796.588135,0.00017398,2024-12-11T11:09:33.594904741-05:00
ETH-USD,3799.645,1,ask,3799.984855,0.00008944,2024-12-11T11:10:34.447819568-05:00
ETH-USD,3795.765075,1,ask,3796.144855,0.00010005,2024-12-11T11:11:35.271333767-05:00
ETH-USD,3788.80224,1,ask,3789.070975,0.00007093,2024-12-11T11:12:36.094064974-05:00
ETH-USD,3787.859475,1,ask,3787.95,0.0000239,2024-12-11T11:13:36.920317793-05:00
ETH-USD,3788.9376475,1,ask,3789.21,0.00007188,2024-12-11T11:14:37.791440681-05:00
ETH-USD,3791.7507075,1,ask,3792.25,0.00013168,2024-12-11T11:15:38.556511583-05:00
ETH-USD,3789.9027975,1,ask,3790.16045,0.00006798,2024-12-11T11:16:39.38594766-05:00
ETH-USD,3792.996865,1,ask,3793.098585,0.00002682,2024-12-11T11:17:40.201773405-05:00
ETH-USD,3791.566865,1,ask,3791.688585,0.0000321,2024-12-11T11:18:41.127032257-05:00
ETH-USD,3796.7775725,1,ask,3796.97,0.00005068,2024-12-11T11:19:41.98226219-05:00
ETH-USD,3800.4087675,1,ask,3801.31209,0.00023769,2024-12-11T11:20:42.831569396-05:00
ETH-USD,3803.87746,1,ask,3803.95,0.00001907,2024-12-11T11:21:43.695755203-05:00
ETH-USD,3802.451565,1,ask,3802.968585,0.00013597,2024-12-11T11:22:44.487549671-05:00
ETH-USD,3802.916865,1,ask,3803.068585,0.0000399,2024-12-11T11:23:45.321938372-05:00
ETH-USD,3802.4942925,1,ask,3802.78299,0.00007592,2024-12-11T11:24:46.190626671-05:00
ETH-USD,3803.3610825,1,ask,3803.62254,0.00006874,2024-12-11T11:25:47.026763653-05:00
ETH-USD,3803.683135,1,ask,3803.874855,0.0000504,2024-12-11T11:26:47.842841355-05:00
ETH-USD,3805.0519025,1,ask,3805.148585,0.00002541,2024-12-11T11:27:48.731133991-05:00
ETH-USD,3803.79,1,ask,3803.98,0.00004995,2024-12-11T11:28:49.559973096-05:00
ETH-USD,3808.3122025,1,ask,3808.48687,0.00004586,2024-12-11T11:29:50.390681948-05:00
ETH-USD,3806.4008575,1,ask,3806.64821,0.00006498,2024-12-11T11:30:51.183539074-05:00
ETH-USD,3804.2558575,1,ask,3804.55657,0.00007905,2024-12-11T11:31:51.965289621-05:00
ETH-USD,3800.00179,1,ask,3800.39836,0.00010436,2024-12-11T11:32:52.787009885-05:00
ETH-USD,3792.6417525,1,ask,3792.72836,0.00002284,2024-12-11T11:33:53.584642767-05:00
ETH-USD,3797.0158045,1,ask,3798.008735,0.0002615,2024-12-11T11:34:54.404603058-05:00
ETH-USD,3796.0572725,1,ask,3796.17,0.0000297,2024-12-11T11:35:55.23826283-05:00
ETH-USD,3800.1377225,1,ask,3801.18403,0.00027533,2024-12-11T11:36:56.063667363-05:00
ETH-USD,3790.72276,1,ask,3790.810375,0.00002311,2024-12-11T11:37:56.921408009-05:00
ETH-USD,3804.875,1,ask,3815.12,0.0026926,2024-12-11T11:38:57.711799959-05:00
ETH-USD,3796.0656325,1,ask,3796.27,0.00005384,2024-12-11T11:39:58.543221987-05:00
ETH-USD,3788.9357075,1,ask,3789.42,0.00012782,2024-12-11T11:40:59.384166017-05:00
ETH-USD,3788.62261,1,ask,3789.060075,0.00011547,2024-12-11T11:42:00.242889571-05:00
ETH-USD,3789.721865,1,ask,3789.978585,0.00006774,2024-12-11T11:43:01.103635633-05:00
ETH-USD,3787.1826475,1,ask,3787.40612,0.00005901,2024-12-11T11:44:01.884247218-05:00
ETH-USD,3789.265,1,ask,3789.43284,0.00004429,2024-12-11T11:45:02.735422722-05:00
ETH-USD,3788.179625,1,ask,3788.67,0.00012945,2024-12-11T11:46:03.549591101-05:00
ETH-USD,3787.8874975,1,ask,3788.5,0.0001617,2024-12-11T11:47:04.340685877-05:00
ETH-USD,3791.429775,1,ask,3791.644405,0.00005661,2024-12-11T11:48:05.170209138-05:00
ETH-USD,3789.75082,1,ask,3789.87463,0.00003267,2024-12-11T11:49:05.968018003-05:00
ETH-USD,3791.80291,1,ask,3792.044405,0.00006369,2024-12-11T11:50:06.72063013-05:00
ETH-USD,3793.795,1,ask,3794.264855,0.00012385,2024-12-11T11:51:07.507288857-05:00
ETH-USD,3794.34231,1,ask,3794.46,0.00003102,2024-12-11T11:52:08.308172717-05:00
ETH-USD,3795.54,1,ask,3795.724855,0.0000487,2024-12-11T11:53:09.149873874-05:00
ETH-USD,3804.328955,1,ask,3804.454855,0.00003309,2024-12-11T11:54:09.964244337-05:00
ETH-USD,3806.268655,1,ask,3806.342165,0.00001931,2024-12-11T11:55:10.835767955-05:00
ETH-USD,3805.4303325,1,ask,3805.52,0.00002356,2024-12-11T11:56:11.653341907-05:00
ETH-USD,3799.9080975,1,ask,3800.04105,0.00003499,2024-12-11T11:57:12.477074684-05:00
ETH-USD,3802.26194,1,ask,3802.418735,0.00004124,2024-12-11T11:58:13.35233226-05:00
ETH-USD,3801.1401875,1,ask,3801.234855,0.00002491,2024-12-11T11:59:14.202759291-05:00
ETH-USD,3803.530745,1,ask,3804.288585,0.00019925,2024-12-11T12:00:15.010057952-05:00
ETH-USD,3804.6750375,1,ask,3804.87493,0.00005254,2024-12-11T12:01:15.894835733-05:00
ETH-USD,3803.2939925,1,ask,3803.528585,0.00006168,2024-12-11T12:02:16.718144237-05:00
ETH-USD,3804.226045,1,ask,3804.334705,0.00002856,2024-12-11T12:03:17.500004028-05:00
ETH-USD,3809.84194,1,ask,3810.162465,0.00008413,2024-12-11T12:04:18.393291599-05:00
ETH-USD,3816.3010075,1,ask,3816.54687,0.00006442,2024-12-11T12:05:19.279748505-05:00
ETH-USD,3812.8134725,1,ask,3813.126945,0.00008222,2024-12-11T12:06:20.130273679-05:00
ETH-USD,3813.2181725,1,ask,3813.31687,0.00002588,2024-12-11T12:07:20.91182821-05:00
ETH-USD,3811.9716025,1,ask,3812.10239,0.00003431,2024-12-11T12:08:21.75737253-05:00
ETH-USD,3810.0720525,1,ask,3810.168735,0.00002538,2024-12-11T12:09:22.615653239-05:00
ETH-USD,3810.6856325,1,ask,3810.988135,0.00007938,2024-12-11T12:10:23.437627356-05:00
ETH-USD,3812.9974975,1,ask,3813.13,0.00003475,2024-12-11T12:11:24.242853469-05:00
ETH-USD,3813.676565,1,ask,3813.91,0.00006121,2024-12-11T12:12:25.081166094-05:00
ETH-USD,3816.87873,1,ask,3816.96433,0.00002243,2024-12-11T12:13:25.933190283-05:00
ETH-USD,3814.2698125,1,ask,3814.366495,0.00002535,2024-12-11T12:14:26.730351307-05:00
ETH-USD,3817.945,1,ask,3828.24,0.00269648,2024-12-11T12:15:27.568969055-05:00
ETH-USD,3808.6735425,1,ask,3808.87,0.00005158,2024-12-11T12:16:28.39351006-05:00
ETH-USD,3806.066715,1,ask,3806.148285,0.00002143,2024-12-11T12:17:29.209056558-05:00
ETH-USD,3810.0297375,1,ask,3810.44,0.00010768,2024-12-11T12:18:29.972511922-05:00
ETH-USD,3818.19818897852,1,ask,3828.30637795704,0.00264737,2024-12-11T12:19:30.78484222-05:00
ETH-USD,3810.006565,1,ask,3810.07,0.00001665,2024-12-11T12:20:31.555962933-05:00
ETH-USD,3807.402835,1,ask,3807.48239,0.00002089,2024-12-11T12:21:32.405843229-05:00
ETH-USD,3807.376565,1,ask,3807.44,0.00001666,2024-12-11T12:22:33.234501279-05:00
ETH-USD,3809.1757075,1,ask,3809.254105,0.00002058,2024-12-11T12:23:34.046982362-05:00
ETH-USD,3806.5675725,1,ask,3806.63,0.0000164,2024-12-11T12:24:34.908172236-05:00
ETH-USD,3801.879501,1,ask,3802.057737,0.00004688,2024-12-11T12:25:35.689524342-05:00
ETH-USD,3799.6675725,1,ask,3799.73,0.00001643,2024-12-11T12:26:36.453543431-05:00
ETH-USD,3800.63858,1,ask,3800.702015,0.00001669,2024-12-11T12:27:37.275256229-05:00
ETH-USD,3798.5875725,1,ask,3798.65,0.00001643,2024-12-11T12:28:38.142715704-05:00
ETH-USD,3797.026715,1,ask,3797.088135,0.00001618,2024-12-11T12:29:38.999594266-05:00
ETH-USD,3798.1115325,1,ask,3798.191875,0.00002115,2024-12-11T12:30:39.815886013-05:00
ETH-USD,3791.865,1,ask,3792.28,0.00010944,2024-12-11T12:31:40.593087525-05:00
ETH-USD,3793.9016025,1,ask,3793.96806,0.00001752,2024-12-11T12:32:41.443585105-05:00
ETH-USD,3793.5083925,1,ask,3793.59,0.00002151,2024-12-11T12:33:42.196439434-05:00
ETH-USD,3790.14709,1,ask,3790.328285,0.00004781,2024-12-11T12:34:43.026192707-05:00
ETH-USD,3791.415,1,ask,3791.73,0.00008308,2024-12-11T12:35:43.909946645-05:00
ETH-USD,3784.0693675,1,ask,3784.30284,0.0000617,2024-12-11T12:36:44.743226408-05:00
ETH-USD,3783.53776,1,ask,3783.726195,0.0000498,2024-12-11T12:37:45.575217416-05:00
ETH-USD,3785.2316025,1,ask,3785.29806,0.00001756,2024-12-11T12:38:46.392993105-05:00
ETH-USD,3781.7816025,1,ask,3781.84806,0.00001757,2024-12-11T12:39:47.221735659-05:00
ETH-USD,3786.287312,1,ask,3786.526645,0.00006321,2024-12-11T12:40:48.0679584-05:00
ETH-USD,3789.805,1,ask,3789.962165,0.00004147,2024-12-11T12:41:48.901518406-05:00
ETH-USD,3787.3901125,1,ask,3787.796795,0.00010738,2024-12-11T12:42:49.689227493-05:00
ETH-USD,3783.9340675,1,ask,3784.198585,0.00006991,2024-12-11T12:43:50.522023833-05:00
ETH-USD,3782.11403,1,ask,3782.476645,0.00009588,2024-12-11T12:44:51.357196784-05:00
ETH-USD,3786.0478725,1,ask,3786.14254,0.000025,2024-12-11T12:45:52.147615799-05:00
ETH-USD,3787.4426475,1,ask,3787.492015,0.00001303,2024-12-11T12:46:52.986943054-05:00
ETH-USD,3782.2497375,1,ask,3782.43015,0.0000477,2024-12-11T12:47:53.82865857-05:00
ETH-USD,3786.2848875,1,ask,3786.434105,0.00003941,2024-12-11T12:48:54.844360377-05:00
ETH-USD,3786.42261,1,ask,3786.48806,0.00001729,2024-12-11T12:49:55.634503407-05:00
ETH-USD,3787.42388,1,ask,3787.536045,0.00002962,2024-12-11T12:50:56.663296556-05:00
ETH-USD,3781.7135425,1,ask,3781.93,0.00005724,2024-12-11T12:51:57.47832875-05:00
ETH-USD,3778.5175725,1,ask,3778.58,0.00001652,2024-12-11T12:52:58.277990098-05:00
ETH-USD,3780.13291,1,ask,3780.28,0.00003891,2024-12-11T12:53:59.090728103-05:00
ETH-USD,3778.3468275,1,ask,3778.51418,0.00004429,2024-12-11T12:54:59.907255744-05:00
ETH-USD,3772.7725725,1,ask,3772.83,0.00001522,2024-12-11T12:56:00.704175844-05:00
ETH-USD,3771.05679,1,ask,3771.248435,0.00005082,2024-12-11T12:57:01.569140311-05:00
ETH-USD,3770.3016775,1,ask,3770.37821,0.0000203,2024-12-11T12:58:02.447535634-05:00
ETH-USD,3767.780075,1,ask,3768.262165,0.00012795,2024-12-11T12:59:03.299837947-05:00
ETH-USD,3767.9766025,1,ask,3768.152015,0.00004655,2024-12-11T13:00:04.167359903-05:00
ETH-USD,3767.720895,1,ask,3767.9503,0.00006089,2024-12-11T13:01:04.973735727-05:00
ETH-USD,3761.2818275,1,ask,3761.352015,0.00001866,2024-12-11T13:02:05.786477828-05:00
ETH-USD,3762.9972775,1,ask,3763.244855,0.00006579,2024-12-11T13:03:06.59545409-05:00
ETH-USD,3768.176715,1,ask,3768.258285,0.00002165,2024-12-11T13:04:07.356261569-05:00
ETH-USD,3774.9075725,1,ask,3774.97,0.00001654,2024-12-11T13:05:08.177104022-05:00
ETH-USD,3776.9510825,1,ask,3777.25851,0.0000814,2024-12-11T13:06:09.009001826-05:00
ETH-USD,3781.73612,1,ask,3781.98881,0.00006682,2024-12-11T13:07:09.820602133-05:00
ETH-USD,3776.5960825,1,ask,3776.744405,0.00003927,2024-12-11T13:08:10.609858587-05:00
ETH-USD,3776.3277975,1,ask,3776.394255,0.0000176,2024-12-11T13:09:11.411446758-05:00
ETH-USD,3775.8041425,1,ask,3775.884705,0.00002134,2024-12-11T13:10:12.286782895-05:00
ETH-USD,3775.998135,1,ask,3776.18836,0.00005038,2024-12-11T13:11:13.096802668-05:00
ETH-USD,3773.56888,1,ask,3773.8003,0.00006133,2024-12-11T13:12:13.884583903-05:00
ETH-USD,3769.6977225,1,ask,3769.7803,0.00002191,2024-12-11T13:13:14.668463535-05:00
ETH-USD,3777.0219025,1,ask,3777.08836,0.0000176,2024-12-11T13:14:15.446761875-05:00
ETH-USD,3778.478805,1,ask,3778.582465,0.00002743,2024-12-11T13:15:16.254389563-05:00
ETH-USD,3779.124255,1,ask,3779.26269,0.00003663,2024-12-11T13:16:17.020365898-05:00
ETH-USD,3783.4910075,1,ask,3783.636345,0.00003841,2024-12-11T13:17:17.791588833-05:00
ETH-USD,3779.760075,1,ask,3780.00448,0.00006466,2024-12-11T13:18:18.626210818-05:00
ETH-USD,3780.334925,1,ask,3780.510075,0.00004633,2024-12-11T13:19:19.448046808-05:00
ETH-USD,3784.6879475,1,ask,3784.828285,0.00003708,2024-12-11T13:20:20.250774931-05:00
ETH-USD,3783.92321,1,ask,3784.014855,0.00002422,2024-12-11T13:21:21.052765114-05:00
ETH-USD,3785.0651875,1,ask,3785.264555,0.00005267,2024-12-11T13:22:21.913239678-05:00
ETH-USD,3786.6572025,1,ask,3786.834855,0.00004692,2024-12-11T13:23:22.700110362-05:00
ETH-USD,3785.558135,1,ask,3785.664855,0.00002819,2024-12-11T13:24:23.548965129-05:00
ETH-USD,3783.6380225,1,ask,3783.940225,0.00007987,2024-12-11T13:25:24.342482732-05:00
ETH-USD,3785.1353375,1,ask,3785.284855,0.0000395,2024-12-11T13:26:25.169797718-05:00
ETH-USD,3785.8324275,1,ask,3786.264855,0.00011422,2024-12-11T13:27:25.939529401-05:00
ETH-USD,3787.035,1,ask,3787.274855,0.00006334,2024-12-11T13:28:26.751847922-05:00
ETH-USD,3789.01627,1,ask,3789.224855,0.00005505,2024-12-11T13:29:27.608553752-05:00
ETH-USD,3788.3019025,1,ask,3788.82239,0.00013739,2024-12-11T13:30:28.466972849-05:00
ETH-USD,3789.2163825,1,ask,3789.492765,0.00007294,2024-12-11T13:31:29.255739485-05:00
ETH-USD,3792.110075,1,ask,3792.35448,0.00006445,2024-12-11T13:32:30.039984241-05:00
ETH-USD,3790.132165,1,ask,3790.333065,0.00005301,2024-12-11T13:33:30.890028926-05:00
ETH-USD,3791.2668275,1,ask,3791.43851,0.00004528,2024-12-11T13:34:31.743721339-05:00
ETH-USD,3789.9980975,1,ask,3790.11075,0.00002972,2024-12-11T13:35:32.541624772-05:00
ETH-USD,3789.3598875,1,ask,3789.496495,0.00003605,2024-12-11T13:36:33.426044563-05:00
ETH-USD,3794.0140675,1,ask,3794.14269,0.0000339,2024-12-11T13:37:34.26773899-05:00
ETH-USD,3799.0670525,1,ask,3799.538585,0.00012412,2024-12-11T13:38:35.018133182-05:00
ETH-USD,3802.03739,1,ask,3802.104855,0.00001774,2024-12-11T13:39:35.836351386-05:00
ETH-USD,3796.2523525,1,ask,3796.324855,0.0000191,2024-12-11T13:40:36.696614853-05:00
ETH-USD,3794.545225,1,ask,3794.62881,0.00002203,2024-12-11T13:41:37.532200867-05:00
ETH-USD,3794.994483,1,ask,3795.141131,0.00003864,2024-12-11T13:42:38.343780018-05:00
ETH-USD,3797.38709,1,ask,3797.456345,0.00001824,2024-12-11T13:43:39.225815394-05:00
ETH-USD,3798.953314,1,ask,3799.236628,0.00007458,2024-12-11T13:44:40.025718607-05:00
ETH-USD,3799.9049625,1,ask,3800.104705,0.00005257,2024-12-11T13:45:40.882845254-05:00
ETH-USD,3800.452315,1,ask,3800.67881,0.0000596,2024-12-11T13:46:41.749339353-05:00
ETH-USD,3804.4922025,1,ask,3804.584855,0.00002435,2024-12-11T13:47:42.585802806-05:00
ETH-USD,3806.018135,1,ask,3806.274855,0.00006745,2024-12-11T13:48:43.384011908-05:00
ETH-USD,3812.975,1,ask,3813.38,0.00010622,2024-12-11T13:49:44.237970462-05:00
ETH-USD,3809.9258575,1,ask,3810.07045,0.00003795,2024-12-11T13:50:44.99140511-05:00
ETH-USD,3806.710075,1,ask,3806.962465,0.0000663,2024-12-11T13:51:45.822241495-05:00
ETH-USD,3807.01806,1,ask,3807.134705,0.00003064,2024-12-11T13:52:46.667594071-05:00
ETH-USD,3806.759925,1,ask,3806.98224,0.0000584,2024-12-11T13:53:47.516139075-05:00
ETH-USD,3803.1436785,1,ask,3803.676345,0.00014006,2024-12-11T13:54:48.352397312-05:00
ETH-USD,3800.0081725,1,ask,3800.152765,0.00003805,2024-12-11T13:55:49.207683153-05:00
ETH-USD,3798.06388,1,ask,3798.42806,0.00009589,2024-12-11T13:56:50.038375789-05:00
ETH-USD,3797.30067,1,ask,3797.4503,0.0000394,2024-12-11T13:57:50.897365127-05:00
ETH-USD,3798.0337675,1,ask,3798.092165,0.00001538,2024-12-11T13:58:51.746413291-05:00
ETH-USD,3795.4907075,1,ask,3795.67627,0.00004889,2024-12-11T13:59:52.623302588-05:00
ETH-USD,3797.6563075,1,ask,3797.72478,0.00001803,2024-12-11T14:00:53.457700399-05:00
ETH-USD,3798.6212325,1,ask,3798.762465,0.00003718,2024-12-11T14:01:54.312570728-05:00
ETH-USD,3801.92821,1,ask,3801.97642,0.00001268,2024-12-11T14:02:55.06586431-05:00
ETH-USD,3799.715225,1,ask,3799.75045,0.00000927,2024-12-11T14:03:55.919399582-05:00
ETH-USD,3800.2091425,1,ask,3800.248285,0.0000103,2024-12-11T14:04:57.751030487-05:00
ETH-USD,3801.66709,1,ask,3801.774855,0.00002835,2024-12-11T14:05:58.569125165-05:00
ETH-USD,3798.0537675,1,ask,3798.10612,0.00001378,2024-12-11T14:06:59.412920191-05:00
ETH-USD,3799.64127,1,ask,3799.69254,0.00001349,2024-12-11T14:08:00.244744259-05:00
ETH-USD,3802.20694,1,ask,3802.258285,0.0000135,2024-12-11T14:09:01.03009079-05:00
ETH-USD,3803.0816775,1,ask,3803.15821,0.00002012,2024-12-11T14:10:01.893491178-05:00
ETH-USD,3803.770595,1,ask,3803.836045,0.00001721,2024-12-11T14:11:02.720725461-05:00
ETH-USD,3803.6836925,1,ask,3803.76224,0.00002065,2024-12-11T14:12:03.546135081-05:00
ETH-USD,3807.25067,1,ask,3807.32821,0.00002037,2024-12-11T14:13:04.338665281-05:00
ETH-USD,3803.206715,1,ask,3803.288285,0.00002145,2024-12-11T14:14:05.172614855-05:00
ETH-USD,3802.806715,1,ask,3802.888285,0.00002145,2024-12-11T14:15:06.051034667-05:00
ETH-USD,3797.0298125,1,ask,3797.822315,0.00020872,2024-12-11T14:16:06.873483275-05:00
ETH-USD,3802.926715,1,ask,3803.008285,0.00002145,2024-12-11T14:17:07.770620931-05:00
ETH-USD,3802.1047,1,ask,3802.184255,0.00002092,2024-12-11T14:18:08.619351718-05:00
ETH-USD,3801.23858,1,ask,3801.302015,0.00001669,2024-12-11T14:19:09.470746775-05:00
ETH-USD,3801.49694,1,ask,3801.60254,0.00002778,2024-12-11T14:20:10.317795643-05:00
ETH-USD,3802.89582,1,ask,3802.96418,0.00001798,2024-12-11T14:21:11.213763875-05:00
ETH-USD,3806.5900375,1,ask,3806.83642,0.00006473,2024-12-11T14:22:12.022462233-05:00
ETH-USD,3806.8241425,1,ask,3806.90866,0.0000222,2024-12-11T14:23:12.797333115-05:00
ETH-USD,3807.5153,1,ask,3807.75075,0.00006184,2024-12-11T14:24:13.654997745-05:00
ETH-USD,3807.77597,1,ask,3807.844255,0.00001793,2024-12-11T14:25:14.581163611-05:00
ETH-USD,3809.54903,1,ask,3809.59836,0.00001295,2024-12-11T14:26:15.414674759-05:00
ETH-USD,3809.6083225,1,ask,3809.656645,0.00001268,2024-12-11T14:27:16.269699532-05:00
ETH-USD,3809.6406325,1,ask,3809.718135,0.00002034,2024-12-11T14:28:17.160941448-05:00
ETH-USD,3811.0809325,1,ask,3811.15836,0.00002032,2024-12-11T14:29:18.073536591-05:00
ETH-USD,3811.2758575,1,ask,3811.53433,0.00006782,2024-12-11T14:30:18.94724697-05:00
ETH-USD,3811.4429475,1,ask,3811.544555,0.00002666,2024-12-11T14:31:19.875452469-05:00
ETH-USD,3812.1357075,1,ask,3812.218285,0.00002166,2024-12-11T14:32:20.71005706-05:00
ETH-USD,3814.0595875,1,ask,3814.126045,0.00001742,2024-12-11T14:33:21.580846647-05:00
ETH-USD,3812.884255,1,ask,3813.14269,0.00006778,2024-12-11T14:34:22.431703491-05:00
ETH-USD,3811.28082,1,ask,3811.360375,0.00002087,2024-12-11T14:35:23.276861409-05:00
ETH-USD,3807.5951875,1,ask,3807.798435,0.00005338,2024-12-11T14:36:24.142802702-05:00
ETH-USD,3807.88209,1,ask,3807.94642,0.00001689,2024-12-11T14:37:24.943924459-05:00
ETH-USD,3806.7239175,1,ask,3806.782165,0.0000153,2024-12-11T14:38:25.821819919-05:00
ETH-USD,3809.9420525,1,ask,3810.01254,0.0000185,2024-12-11T14:39:26.627341349-05:00
ETH-USD,3810.62,1,ask,3810.72015,0.00002628,2024-12-11T14:40:27.411157577-05:00
ETH-USD,3809.882835,1,ask,3809.95433,0.00001877,2024-12-11T14:41:28.217504846-05:00
ETH-USD,3810.897985,1,ask,3811.138285,0.00006306,2024-12-11T14:42:29.042922494-05:00
ETH-USD,3809.6580225,1,ask,3809.778135,0.00003153,2024-12-11T14:43:29.906277995-05:00
ETH-USD,3810.5880225,1,ask,3810.828435,0.00006309,2024-12-11T14:44:30.78769583-05:00
ETH-USD,3810.77291,1,ask,3810.83433,0.00001612,2024-12-11T14:45:31.674775694-05:00
ETH-USD,3811.3252625,1,ask,3811.528585,0.00005335,2024-12-11T14:46:32.566438039-05:00
ETH-USD,3814.6619775,1,ask,3814.73642,0.00001951,2024-12-11T14:47:33.352344707-05:00
ETH-USD,3812.5592925,1,ask,3812.69284,0.00003503,2024-12-11T14:48:34.108526282-05:00
ETH-USD,3811.768655,1,ask,3811.84418,0.00001981,2024-12-11T14:49:34.944190406-05:00
ETH-USD,3816.8548875,1,ask,3816.932315,0.00002029,2024-12-11T14:50:35.738925941-05:00
ETH-USD,3811.561067,1,ask,3811.779004,0.00005718,2024-12-11T14:51:36.589798786-05:00
ETH-USD,3811.3117525,1,ask,3811.400375,0.00002325,2024-12-11T14:52:37.406209394-05:00
ETH-USD,3809.139105,1,ask,3809.27836,0.00003656,2024-12-11T14:53:38.244407822-05:00
ETH-USD,3809.7517525,1,ask,3809.80209,0.00001321,2024-12-11T14:54:39.167195513-05:00
ETH-USD,3809.1547,1,ask,3809.210075,0.00001454,2024-12-11T14:55:40.066205737-05:00
ETH-USD,3808.135225,1,ask,3808.220825,0.00002248,2024-12-11T14:56:40.886539286-05:00
ETH-USD,3806.492985,1,ask,3806.526195,0.00000872,2024-12-11T14:57:41.753931266-05:00
ETH-USD,3807.1198875,1,ask,3807.362315,0.00006368,2024-12-11T14:58:42.593514973-05:00
ETH-USD,3810.210987,1,ask,3810.880559,0.00017573,2024-12-11T14:59:43.41032145-05:00
ETH-USD,3810.2481725,1,ask,3810.31851,0.00001846,2024-12-11T15:00:44.300311293-05:00
ETH-USD,3809.4563075,1,ask,3809.872615,0.00010928,2024-12-11T15:01:45.134981105-05:00
ETH-USD,3817.3012325,1,ask,3817.442765,0.00003708,2024-12-11T15:02:46.003481049-05:00
ETH-USD,3814.869255,1,ask,3815.066645,0.00005174,2024-12-11T15:03:46.841894312-05:00
ETH-USD,3816.632165,1,ask,3816.67433,0.00001105,2024-12-11T15:04:47.672754354-05:00
ETH-USD,3816.8058575,1,ask,3816.85612,0.00001317,2024-12-11T15:05:48.462390972-05:00
ETH-USD,3817.38873,1,ask,3817.604255,0.00005646,2024-12-11T15:06:49.256703394-05:00
ETH-USD,3816.57627,1,ask,3816.796645,0.00005774,2024-12-11T15:07:51.068290182-05:00
ETH-USD,3816.49612,1,ask,3816.750375,0.00006662,2024-12-11T15:08:51.817009483-05:00
ETH-USD,3817.492183,1,ask,3817.900486,0.00010696,2024-12-11T15:09:52.614145523-05:00
ETH-USD,3811.7741015,1,ask,3811.898503,0.00003264,2024-12-11T15:10:53.419219828-05:00
ETH-USD,3812.59358,1,ask,3812.87015,0.00007254,2024-12-11T15:11:54.372699236-05:00
ETH-USD,3815.67291,1,ask,3815.908285,0.00006169,2024-12-11T15:12:55.215126547-05:00
ETH-USD,3814.597962,1,ask,3814.972794,0.00009826,2024-12-11T15:13:56.053234957-05:00
ETH-USD,3814.3307075,1,ask,3814.37,0.0000103,2024-12-11T15:14:56.816042867-05:00
ETH-USD,3813.7872025,1,ask,3813.990675,0.00005335,2024-12-11T15:15:57.59078139-05:00
ETH-USD,3814.815142,1,ask,3815.790284,0.00025562,2024-12-11T15:16:58.442602527-05:00
ETH-USD,3813.880075,1,ask,3814.12687,0.00006471,2024-12-11T15:17:59.266501004-05:00
ETH-USD,3818.1340595,1,ask,3818.768794,0.00016624,2024-12-11T15:19:00.07684388-05:00
ETH-USD,3822.4680225,1,ask,3822.94448,0.00012465,2024-12-11T15:20:00.891264931-05:00
ETH-USD,3823.2951875,1,ask,3823.47687,0.00004752,2024-12-11T15:21:01.654503908-05:00
ETH-USD,3826.4220525,1,ask,3826.70687,0.00007443,2024-12-11T15:22:02.457664497-05:00
ETH-USD,3825.486485,1,ask,3825.75687,0.00007068,2024-12-11T15:23:03.329473661-05:00
ETH-USD,3830.6773525,1,ask,3830.77687,0.00002598,2024-12-11T15:24:04.11077724-05:00
ETH-USD,3830.8640675,1,ask,3831.02851,0.00004293,2024-12-11T15:25:04.917470508-05:00
ETH-USD,3831.297835,1,ask,3831.44687,0.0000389,2024-12-11T15:26:05.697263227-05:00
ETH-USD,3834.0260075,1,ask,3834.11866,0.00002417,2024-12-11T15:27:06.530188564-05:00
ETH-USD,3833.8380225,1,ask,3834.19851,0.00009403,2024-12-11T15:28:07.408728455-05:00
ETH-USD,3828.6356325,1,ask,3828.70403,0.00001786,2024-12-11T15:29:08.198647898-05:00
ETH-USD,3831.043955,1,ask,3831.31836,0.00007163,2024-12-11T15:30:08.973820279-05:00
ETH-USD,3834.594925,1,ask,3834.68657,0.0000239,2024-12-11T15:31:09.803795455-05:00
ETH-USD,3832.032783,1,ask,3832.212436,0.00004688,2024-12-11T15:32:10.625653671-05:00
ETH-USD,3830.56111,1,ask,3830.820225,0.00006764,2024-12-11T15:33:11.473620107-05:00
ETH-USD,3826.8110825,1,ask,3827.03687,0.000059,2024-12-11T15:34:12.341016064-05:00
ETH-USD,3825.917165,1,ask,3826.106495,0.00004949,2024-12-11T15:35:13.251302329-05:00
ETH-USD,3828.7270525,1,ask,3828.88687,0.00004174,2024-12-11T15:36:14.10360819-05:00
ETH-USD,3829.5889925,1,ask,3829.888285,0.00007815,2024-12-11T15:37:14.908807648-05:00
ETH-USD,3830.8169025,1,ask,3831.02687,0.00005481,2024-12-11T15:38:15.765666198-05:00
ETH-USD,3828.85306,1,ask,3829.092765,0.0000626,2024-12-11T15:39:16.606643111-05:00
ETH-USD,3828.1680975,1,ask,3828.3906,0.00005812,2024-12-11T15:40:17.431169457-05:00
ETH-USD,3829.9983975,1,ask,3830.06687,0.00001788,2024-12-11T15:41:18.236664387-05:00
ETH-USD,3835.095,1,ask,3835.24687,0.0000396,2024-12-11T15:42:19.072929354-05:00
ETH-USD,3833.9,1,ask,3834.23687,0.00008787,2024-12-11T15:43:19.939276886-05:00
ETH-USD,3833.8109325,1,ask,3833.958735,0.00003855,2024-12-11T15:44:20.779313997-05:00
ETH-USD,3837.8398875,1,ask,3837.946645,0.00002782,2024-12-11T15:45:21.616429863-05:00
ETH-USD,3837.542015,1,ask,3838.01254,0.00012261,2024-12-11T15:46:22.42105853-05:00
ETH-USD,3833.145745,1,ask,3833.26836,0.00003199,2024-12-11T15:47:23.221880091-05:00
ETH-USD,3832.2948875,1,ask,3832.626645,0.00008657,2024-12-11T15:48:24.073525056-05:00
ETH-USD,3829.9147375,1,ask,3830.16209,0.00006458,2024-12-11T15:49:24.911314432-05:00
ETH-USD,3835.041045,1,ask,3835.09239,0.00001339,2024-12-11T15:50:25.721887644-05:00
ETH-USD,3836.340745,1,ask,3836.42836,0.00002284,2024-12-11T15:51:26.56407443-05:00
ETH-USD,3837.250895,1,ask,3837.39687,0.00003804,2024-12-11T15:52:27.421567278-05:00
ETH-USD,3831.9929475,1,ask,3832.20239,0.00005466,2024-12-11T15:53:28.246559351-05:00
ETH-USD,3831.150075,1,ask,3831.4106,0.000068,2024-12-11T15:54:29.085630271-05:00
ETH-USD,3826.9589925,1,ask,3827.1406,0.00004745,2024-12-11T15:55:29.970492942-05:00
ETH-USD,3832.11,1,ask,3832.34687,0.00006181,2024-12-11T15:56:30.78277237-05:00
ETH-USD,3835.16336,1,ask,3835.22672,0.00001652,2024-12-11T15:57:31.899689904-05:00
ETH-USD,3837.750745,1,ask,3838.13687,0.00010061,2024-12-11T15:58:32.938981303-05:00
ETH-USD,3842.6392925,1,ask,3842.74687,0.000028,2024-12-11T15:59:33.803880097-05:00
ETH-USD,3834.1947375,1,ask,3834.286345,0.00002389,2024-12-11T16:00:34.933151755-05:00
ETH-USD,3835.9798125,1,ask,3836.076495,0.0000252,2024-12-11T16:01:36.023415316-05:00
ETH-USD,3840.485604,1,ask,3840.625688,0.00003648,2024-12-11T16:02:36.842261137-05:00
ETH-USD,3834.93261,1,ask,3835.00209,0.00001812,2024-12-11T16:03:37.836641378-05:00
ETH-USD,3835.9536925,1,ask,3836.030225,0.00001995,2024-12-11T16:04:38.629658617-05:00
ETH-USD,3831.358955,1,ask,3831.38209,0.00000604,2024-12-11T16:05:39.433949882-05:00
ETH-USD,3827.1977225,1,ask,3827.342315,0.00003778,2024-12-11T16:06:40.266803918-05:00
ETH-USD,3823.95,1,ask,3824.23687,0.00007502,2024-12-11T16:07:41.130073815-05:00
ETH-USD,3818.985745,1,ask,3819.19836,0.00005567,2024-12-11T16:08:41.912691453-05:00
ETH-USD,3819.1908575,1,ask,3819.318585,0.00003344,2024-12-11T16:09:42.707279797-05:00
ETH-USD,3821.1658575,1,ask,3821.288585,0.00003212,2024-12-11T16:10:43.617502012-05:00
ETH-USD,3822.381715,1,ask,3822.4903,0.00002841,2024-12-11T16:11:44.669993359-05:00
ETH-USD,3819.2748125,1,ask,3819.528585,0.00006645,2024-12-11T16:12:45.549969214-05:00
ETH-USD,3823.0724275,1,ask,3823.43687,0.00009533,2024-12-11T16:13:46.332638918-05:00
ETH-USD,3821.3216025,1,ask,3821.390075,0.00001792,2024-12-11T16:14:48.227284845-05:00
ETH-USD,3821.0078725,1,ask,3821.284405,0.00007237,2024-12-11T16:15:49.024096597-05:00
ETH-USD,3824.015895,1,ask,3824.12418,0.00002832,2024-12-11T16:16:49.908342168-05:00
ETH-USD,3823.1856325,1,ask,3823.258135,0.00001896,2024-12-11T16:17:50.732678367-05:00
ETH-USD,3822.151865,1,ask,3822.22806,0.00001994,2024-12-11T16:18:51.594073588-05:00
ETH-USD,3820.47679,1,ask,3820.53,0.00001393,2024-12-11T16:19:52.720305854-05:00
ETH-USD,3818.7799625,1,ask,3818.86045,0.00002108,2024-12-11T16:20:53.571812426-05:00
ETH-USD,3821.845895,1,ask,3821.984255,0.0000362,2024-12-11T16:21:54.379808613-05:00
ETH-USD,3822.103805,1,ask,3822.192015,0.00002308,2024-12-11T16:22:55.204562455-05:00
ETH-USD,3821.481865,1,ask,3821.9606,0.00012527,2024-12-11T16:23:56.0345076-05:00
ETH-USD,3824.3418275,1,ask,3824.460075,0.00003092,2024-12-11T16:24:56.823814121-05:00
ETH-USD,3821.2977975,1,ask,3821.430225,0.00003466,2024-12-11T16:25:57.6808126-05:00
ETH-USD,3822.352015,1,ask,3822.47433,0.000032,2024-12-11T16:26:58.503081494-05:00
ETH-USD,3825.42985,1,ask,3825.522165,0.00002413,2024-12-11T16:27:59.327712069-05:00
ETH-USD,3825.040895,1,ask,3825.168135,0.00003327,2024-12-11T16:29:00.127394947-05:00
ETH-USD,3822.9777225,1,ask,3823.04015,0.00001633,2024-12-11T16:30:00.955442207-05:00
ETH-USD,3821.72888,1,ask,3821.86612,0.00003591,2024-12-11T16:31:01.822012212-05:00
ETH-USD,3820.632835,1,ask,3820.73254,0.0000261,2024-12-11T16:32:02.674966837-05:00
ETH-USD,3826.8598875,1,ask,3826.954555,0.00002474,2024-12-11T16:33:03.588183807-05:00
ETH-USD,3828.3909325,1,ask,3828.44403,0.00001387,2024-12-11T16:34:04.366810124-05:00
ETH-USD,3831.916565,1,ask,3831.98,0.00001655,2024-12-11T16:35:05.152594505-05:00
ETH-USD,3829.3459325,1,ask,3829.438135,0.00002408,2024-12-11T16:36:05.963709299-05:00
ETH-USD,3827.2498125,1,ask,3827.294105,0.00001157,2024-12-11T16:37:06.745936284-05:00
ETH-USD,3830.0898875,1,ask,3830.120075,0.00000788,2024-12-11T16:38:07.550677215-05:00
ETH-USD,3827.1199625,1,ask,3827.220075,0.00002616,2024-12-11T16:39:08.374702127-05:00
ETH-USD,3826.184925,1,ask,3826.310075,0.00003271,2024-12-11T16:40:09.187081427-05:00
ETH-USD,3826.65888,1,ask,3826.70015,0.00001078,2024-12-11T16:41:09.981648846-05:00
ETH-USD,3829.2250375,1,ask,3829.280225,0.00001441,2024-12-11T16:42:10.816067395-05:00
ETH-USD,3828.03888,1,ask,3828.070075,0.00000815,2024-12-11T16:43:11.59261172-05:00
ETH-USD,3831.018955,1,ask,3831.070075,0.00001334,2024-12-11T16:44:13.444738159-05:00
ETH-USD,3831.005,1,ask,3831.09,0.00002219,2024-12-11T16:45:14.227036991-05:00
ETH-USD,3832.21664,1,ask,3832.27,0.00001392,2024-12-11T16:46:14.976268795-05:00
ETH-USD,3830.884925,1,ask,3830.99403,0.00002848,2024-12-11T16:47:15.731194491-05:00
ETH-USD,3830.846565,1,ask,3830.91,0.00001656,2024-12-11T16:48:16.497068868-05:00
ETH-USD,3830.3221275,1,ask,3830.35836,0.00000946,2024-12-11T16:49:17.319513435-05:00
ETH-USD,3831.634925,1,ask,3831.73,0.00002481,2024-12-11T16:50:18.138813276-05:00
ETH-USD,3830.003955,1,ask,3830.08,0.00001986,2024-12-11T16:51:18.930167917-05:00
ETH-USD,3828.8977975,1,ask,3828.93,0.00000841,2024-12-11T16:52:19.755586675-05:00
ETH-USD,3829.3142175,1,ask,3829.348435,0.00000894,2024-12-11T16:53:20.546374399-05:00
ETH-USD,3833.72112,1,ask,3833.76642,0.00001182,2024-12-11T16:54:21.367671106-05:00
ETH-USD,3832.46485,1,ask,3832.49,0.00000656,2024-12-11T16:55:22.149432551-05:00
ETH-USD,3833.15888,1,ask,3833.18,0.00000551,2024-12-11T16:56:22.928584631-05:00
ETH-USD,3833.6339175,1,ask,3833.67821,0.00001155,2024-12-11T16:57:23.717644475-05:00
ETH-USD,3834.2429475,1,ask,3834.298135,0.00001439,2024-12-11T16:58:24.504190969-05:00
ETH-USD,3844.845,1,ask,3855.49,0.00276864,2024-12-11T16:59:25.259226638-05:00
ETH-USD,3834.0775725,1,ask,3834.14,0.00001628,2024-12-11T17:00:26.02164357-05:00
ETH-USD,3838.819919,1,ask,3838.938135,0.00003079,2024-12-11T17:01:26.840996635-05:00
ETH-USD,3836.9776475,1,ask,3837.03,0.00001364,2024-12-11T17:02:27.702185571-05:00
ETH-USD,3835.5596625,1,ask,3835.61,0.00001312,2024-12-11T17:03:28.500010899-05:00
ETH-USD,3836.866565,1,ask,3836.93,0.00001653,2024-12-11T17:04:29.313996497-05:00
ETH-USD,3835.986565,1,ask,3836.05,0.00001654,2024-12-11T17:05:30.107850531-05:00
ETH-USD,3838.6965135,1,ask,3838.80015,0.000027,2024-12-11T17:06:30.980316988-05:00
ETH-USD,3840.284925,1,ask,3840.3,0.00000393,2024-12-11T17:07:31.774392273-05:00
ETH-USD,3840.4349625,1,ask,3840.55806,0.00003205,2024-12-11T17:08:32.628023396-05:00
ETH-USD,3837.5242925,1,ask,3837.60687,0.00002152,2024-12-11T17:09:33.546956906-05:00
ETH-USD,3838.967835,1,ask,3839.06209,0.00002455,2024-12-11T17:10:34.387790468-05:00
ETH-USD,3835.579572,1,ask,3835.901984,0.00008406,2024-12-11T17:11:35.214267199-05:00
ETH-USD,3833.07515,1,ask,3833.130525,0.00001445,2024-12-11T17:12:36.070452253-05:00
ETH-USD,3832.2977225,1,ask,3832.362165,0.00001682,2024-12-11T17:13:36.909612081-05:00
ETH-USD,3835.3399625,1,ask,3835.438285,0.00002564,2024-12-11T17:14:37.737767894-05:00
ETH-USD,3834.5100375,1,ask,3834.58821,0.00002039,2024-12-11T17:15:38.594983415-05:00
ETH-USD,3833.6760075,1,ask,3833.83627,0.0000418,2024-12-11T17:16:39.397040867-05:00
ETH-USD,3833.56179,1,ask,3833.69433,0.00003457,2024-12-11T17:17:40.259476049-05:00
ETH-USD,3832.90388,1,ask,3833.064255,0.00004184,2024-12-11T17:18:41.114989798-05:00
ETH-USD,3831.4930975,1,ask,3831.61642,0.00003219,2024-12-11T17:19:41.924818983-05:00
ETH-USD,3834.7319775,1,ask,3834.836345,0.00002722,2024-12-11T17:20:42.79527224-05:00
ETH-USD,3834.272835,1,ask,3834.32418,0.00001339,2024-12-11T17:21:43.618600421-05:00
ETH-USD,3835.239105,1,ask,3835.298435,0.00001547,2024-12-11T17:22:44.460285344-05:00
ETH-USD,3836.002015,1,ask,3836.24687,0.00006383,2024-12-11T17:23:45.281343047-05:00
ETH-USD,3835.3247,1,ask,3835.372015,0.00001234,2024-12-11T17:24:46.133702846-05:00
ETH-USD,3838.7756325,1,ask,3838.83,0.00001416,2024-12-11T17:25:46.983027651-05:00
ETH-USD,3834.2409325,1,ask,3834.288135,0.00001231,2024-12-11T17:26:47.819767544-05:00
ETH-USD,3834.176565,1,ask,3834.24,0.00001654,2024-12-11T17:27:48.702423951-05:00
ETH-USD,3833.7898125,1,ask,3833.82,0.00000787,2024-12-11T17:28:49.586665975-05:00
ETH-USD,3834.6619025,1,ask,3834.698135,0.00000945,2024-12-11T17:29:50.401121121-05:00
ETH-USD,3845.61842683576,1,ask,3856.57536367152,0.0028492,2024-12-11T17:30:51.229871235-05:00
ETH-USD,3832.0378725,1,ask,3832.06,0.00000577,2024-12-11T17:31:52.051977873-05:00
ETH-USD,3831.2647245,1,ask,3831.368135,0.00002699,2024-12-11T17:32:53.862686024-05:00
ETH-USD,3831.9739175,1,ask,3831.99,0.0000042,2024-12-11T17:33:54.669602003-05:00
ETH-USD,3831.59776,1,ask,3831.642015,0.00001155,2024-12-11T17:34:55.468678274-05:00
ETH-USD,3829.5795875,1,ask,3829.64,0.00001578,2024-12-11T17:35:56.315270894-05:00
ETH-USD,3827.33597,1,ask,3827.386195,0.00001312,2024-12-11T17:36:57.159208309-05:00
ETH-USD,3828.850895,1,ask,3828.87,0.00000499,2024-12-11T17:37:58.060083215-05:00
ETH-USD,3829.3258575,1,ask,3829.35,0.0000063,2024-12-11T17:38:59.007281199-05:00
ETH-USD,3830.4877225,1,ask,3830.53,0.00001104,2024-12-11T17:39:59.815097488-05:00
ETH-USD,3831.3757825,1,ask,3831.41,0.00000893,2024-12-11T17:41:00.655762411-05:00
ETH-USD,3829.49261,1,ask,3829.55,0.00001499,2024-12-11T17:42:01.492017168-05:00
ETH-USD,3829.95291,1,ask,3829.988135,0.0000092,2024-12-11T17:43:02.388224861-05:00
ETH-USD,3828.19485,1,ask,3828.22,0.00000657,2024-12-11T17:44:03.213568247-05:00
ETH-USD,3829.26336,1,ask,3829.31672,0.00001393,2024-12-11T17:45:04.272220921-05:00
ETH-USD,3828.5357825,1,ask,3828.57806,0.00001104,2024-12-11T17:46:05.080000252-05:00
ETH-USD,3829.21724,1,ask,3829.25448,0.00000973,2024-12-11T17:47:05.956820781-05:00
ETH-USD,3833.347015,1,ask,3833.356045,0.00000236,2024-12-11T17:48:06.76989634-05:00
ETH-USD,3834.88082,1,ask,3834.91,0.00000761,2024-12-11T17:49:07.593583737-05:00
ETH-USD,3834.48067,1,ask,3834.53,0.00001286,2024-12-11T17:50:08.424711491-05:00
ETH-USD,3833.241045,1,ask,3833.29433,0.0000139,2024-12-11T17:51:09.160236521-05:00
ETH-USD,3833.246565,1,ask,3833.31,0.00001655,2024-12-11T17:52:09.940449454-05:00
ETH-USD,3833.3918275,1,ask,3833.42,0.00000735,2024-12-11T17:53:10.75741804-05:00
ETH-USD,3834.9962325,1,ask,3835.04254,0.00001207,2024-12-11T17:54:11.543482304-05:00
ETH-USD,3840.272535,1,ask,3840.34,0.00001757,2024-12-11T17:55:12.378501923-05:00
ETH-USD,3846.414775,1,ask,3846.45,0.00000916,2024-12-11T17:56:13.233390316-05:00
ETH-USD,3848.3578725,1,ask,3848.38,0.00000575,2024-12-11T17:57:14.1375939-05:00
ETH-USD,3846.05127,1,ask,3846.22941,0.00004632,2024-12-11T17:58:14.960680533-05:00
ETH-USD,3839.609405,1,ask,3839.67687,0.00001757,2024-12-11T17:59:15.770720644-05:00
ETH-USD,3842.4123525,1,ask,3842.53687,0.00003241,2024-12-11T18:00:16.812600649-05:00
ETH-USD,3842.31724,1,ask,3842.46687,0.00003894,2024-12-11T18:01:17.884308158-05:00
ETH-USD,3842.2858025,1,ask,3842.413845,0.00003332,2024-12-11T18:02:18.705047384-05:00
ETH-USD,3845.361715,1,ask,3845.652015,0.00007549,2024-12-11T18:03:19.498381568-05:00
ETH-USD,3847.039925,1,ask,3847.29433,0.00006613,2024-12-11T18:04:20.34839262-05:00
ETH-USD,3847.2159325,1,ask,3847.29045,0.00001937,2024-12-11T18:05:21.172872943-05:00
ETH-USD,3846.040745,1,ask,3846.110225,0.00001807,2024-12-11T18:06:22.040814449-05:00
ETH-USD,3849.897015,1,ask,3849.946345,0.00001281,2024-12-11T18:07:22.971361438-05:00
ETH-USD,3851.0709325,1,ask,3851.390525,0.00008299,2024-12-11T18:08:23.778532066-05:00
ETH-USD,3852.7010965,1,ask,3852.857048,0.00004048,2024-12-11T18:09:24.611396575-05:00
ETH-USD,3851.757165,1,ask,3851.89836,0.00003666,2024-12-11T18:10:25.426518607-05:00
ETH-USD,3851.789105,1,ask,3851.83642,0.00001228,2024-12-11T18:11:26.253269726-05:00
ETH-USD,3848.3809325,1,ask,3848.59612,0.00005592,2024-12-11T18:12:27.06676301-05:00
ETH-USD,3845.5042925,1,ask,3845.718585,0.00005573,2024-12-11T18:13:27.915332263-05:00
ETH-USD,3849.2983975,1,ask,3849.39493,0.00002508,2024-12-11T18:14:28.748852204-05:00
ETH-USD,3848.7890675,1,ask,3848.856495,0.00001752,2024-12-11T18:15:29.617353874-05:00
ETH-USD,3848.1803355,1,ask,3848.231196,0.00001322,2024-12-11T18:16:30.428701755-05:00
ETH-USD,3846.83,1,ask,3846.996195,0.0000432,2024-12-11T18:17:31.256659591-05:00
ETH-USD,3844.263814,1,ask,3844.425688,0.00004211,2024-12-11T18:18:32.088567724-05:00
ETH-USD,3845.4259325,1,ask,3845.642165,0.00005623,2024-12-11T18:19:32.939186909-05:00
ETH-USD,3846.035895,1,ask,3846.304405,0.00006981,2024-12-11T18:20:33.844668721-05:00
ETH-USD,3842.3215305,1,ask,3842.539631,0.00005676,2024-12-11T18:21:34.668702134-05:00
ETH-USD,3839.41664,1,ask,3839.526045,0.0000285,2024-12-11T18:22:35.461128354-05:00
ETH-USD,3839.08291,1,ask,3839.186345,0.00002694,2024-12-11T18:23:36.324528833-05:00
ETH-USD,3837.764332,1,ask,3837.858889,0.00002464,2024-12-11T18:24:37.203039026-05:00
ETH-USD,3838.0600595,1,ask,3838.204449,0.00003762,2024-12-11T18:25:38.048412317-05:00
ETH-USD,3841.53418,1,ask,3841.644555,0.00002873,2024-12-11T18:26:38.889046428-05:00
ETH-USD,3841.5358575,1,ask,3841.61642,0.00002097,2024-12-11T18:27:39.779895643-05:00
ETH-USD,3843.14873,1,ask,3843.228285,0.0000207,2024-12-11T18:28:40.629295152-05:00
ETH-USD,3843.9660075,1,ask,3844.17821,0.0000552,2024-12-11T18:29:41.443359822-05:00
ETH-USD,3846.6287675,1,ask,3846.680075,0.00001334,2024-12-11T18:30:42.288398061-05:00
ETH-USD,3844.4310075,1,ask,3844.49642,0.00001701,2024-12-11T18:31:43.13706087-05:00
ETH-USD,3844.507474,1,ask,3844.695173,0.00004882,2024-12-11T18:32:43.987390797-05:00
ETH-USD,3842.6727225,1,ask,3842.746195,0.00001912,2024-12-11T18:33:44.861639422-05:00
ETH-USD,3844.1826475,1,ask,3844.262165,0.00002069,2024-12-11T18:34:45.67049616-05:00
ETH-USD,3841.1671275,1,ask,3841.32657,0.00004151,2024-12-11T18:35:46.488319721-05:00
ETH-USD,3840.4840675,1,ask,3840.55836,0.00001934,2024-12-11T18:36:47.334150111-05:00
ETH-USD,3836.5577975,1,ask,3836.71209,0.00004022,2024-12-11T18:37:48.417836025-05:00
ETH-USD,3836.502835,1,ask,3836.578285,0.00001967,2024-12-11T18:38:49.240700789-05:00
ETH-USD,3836.9098875,1,ask,3837.014105,0.00002716,2024-12-11T18:39:50.169501863-05:00
ETH-USD,3837.8632475,1,ask,3837.93866,0.00001965,2024-12-11T18:40:51.052032689-05:00
ETH-USD,3837.19052,1,ask,3837.412315,0.0000578,2024-12-11T18:41:51.863542467-05:00
ETH-USD,3838.6592175,1,ask,3838.724555,0.00001702,2024-12-11T18:42:52.697698512-05:00
ETH-USD,3837.76306,1,ask,3837.9803,0.00005661,2024-12-11T18:43:53.524324738-05:00
ETH-USD,3833.477165,1,ask,3833.538585,0.00001602,2024-12-11T18:44:54.326377333-05:00
ETH-USD,3834.045895,1,ask,3834.18806,0.00003708,2024-12-11T18:45:55.208508061-05:00
ETH-USD,3833.2668275,1,ask,3833.614255,0.00009063,2024-12-11T18:46:56.045511306-05:00
ETH-USD,3832.4730975,1,ask,3832.51836,0.00001181,2024-12-11T18:47:56.904390718-05:00
ETH-USD,3831.5830975,1,ask,3831.64448,0.00001602,2024-12-11T18:48:57.751627265-05:00
ETH-USD,3832.8670525,1,ask,3832.996195,0.00003369,2024-12-11T18:49:58.554815632-05:00
ETH-USD,3829.9231725,1,ask,3830.07687,0.00004013,2024-12-11T18:50:59.403792604-05:00
ETH-USD,3829.183135,1,ask,3829.248585,0.00001709,2024-12-11T18:52:00.360739929-05:00
ETH-USD,3831.2082475,1,ask,3831.28672,0.00002048,2024-12-11T18:53:01.195532675-05:00
ETH-USD,3830.8600375,1,ask,3831.080225,0.00005748,2024-12-11T18:54:02.266643899-05:00
ETH-USD,3831.7903375,1,ask,3831.85881,0.00001787,2024-12-11T18:55:03.075291631-05:00
ETH-USD,3834.6110075,1,ask,3834.7403,0.00003372,2024-12-11T18:56:03.90756837-05:00
ETH-USD,3833.6553455,1,ask,3833.809051,0.00004009,2024-12-11T18:57:04.766217531-05:00
ETH-USD,3834.105895,1,ask,3834.270225,0.00004286,2024-12-11T18:58:05.565356467-05:00
ETH-USD,3835.2299625,1,ask,3835.31851,0.00002309,2024-12-11T18:59:06.398586572-05:00
ETH-USD,3835.8145875,1,ask,3836.06642,0.00006565,2024-12-11T19:00:07.18603079-05:00
ETH-USD,3836.95081,1,ask,3838.10162,0.00029993,2024-12-11T19:01:08.013645528-05:00
ETH-USD,3836.40515,1,ask,3836.558435,0.00003996,2024-12-11T19:02:08.804432577-05:00
ETH-USD,3829.875375,1,ask,3830.26687,0.00010222,2024-12-11T19:03:09.657543061-05:00
ETH-USD,3829.581195,1,ask,3829.72239,0.00003687,2024-12-11T19:04:10.488965869-05:00
ETH-USD,3826.0449625,1,ask,3826.434405,0.00010179,2024-12-11T19:05:11.324962711-05:00
ETH-USD,3832.4142175,1,ask,3832.640525,0.00005905,2024-12-11T19:06:12.181136855-05:00
ETH-USD,3831.6521275,1,ask,3831.8603,0.00005433,2024-12-11T19:07:13.015844711-05:00
ETH-USD,3833.1496595,1,ask,3833.316645,0.00004356,2024-12-11T19:08:13.885061433-05:00
ETH-USD,3835.0875725,1,ask,3835.152015,0.0000168,2024-12-11T19:09:14.729448074-05:00
ETH-USD,3831.0875725,1,ask,3831.152015,0.00001682,2024-12-11T19:10:15.531443254-05:00
ETH-USD,3828.7438425,1,ask,3828.86627,0.00003198,2024-12-11T19:11:16.384982059-05:00
ETH-USD,3830.3602625,1,ask,3830.432765,0.00001893,2024-12-11T19:12:17.211641448-05:00
ETH-USD,3831.2369025,1,ask,3831.396345,0.00004162,2024-12-11T19:13:18.014708029-05:00
ETH-USD,3829.6889925,1,ask,3829.874105,0.00004834,2024-12-11T19:14:18.823813592-05:00
ETH-USD,3831.8738425,1,ask,3831.94836,0.00001945,2024-12-11T19:15:19.676625268-05:00
ETH-USD,3830.4021275,1,ask,3830.464255,0.00001622,2024-12-11T19:16:20.494399826-05:00
ETH-USD,3834.957015,1,ask,3835.04254,0.0000223,2024-12-11T19:17:21.578652922-05:00
ETH-USD,3838.78179,1,ask,3838.860075,0.00002039,2024-12-11T19:18:22.394390266-05:00
ETH-USD,3838.6422025,1,ask,3838.89687,0.00006634,2024-12-11T19:19:23.214912103-05:00
ETH-USD,3839.6409425,1,ask,3839.75017,0.00002845,2024-12-11T19:20:24.087334471-05:00
ETH-USD,3836.481195,1,ask,3836.51239,0.00000813,2024-12-11T19:21:24.910620589-05:00
ETH-USD,3830.753285,1,ask,3830.798585,0.00001183,2024-12-11T19:22:25.714258361-05:00
ETH-USD,3832.49194,1,ask,3832.708135,0.00005641,2024-12-11T19:23:26.538662201-05:00
ETH-USD,3831.265,1,ask,3831.27,0.00000131,2024-12-11T19:24:27.391813467-05:00
ETH-USD,3830.745,1,ask,3830.75,0.00000131,2024-12-11T19:25:28.223590644-05:00
ETH-USD,3831.5740675,1,ask,3831.588135,0.00000367,2024-12-11T19:26:29.040228242-05:00
ETH-USD,3827.478432,1,ask,3827.57015,0.00002396,2024-12-11T19:27:29.884370614-05:00
ETH-USD,3823.7389925,1,ask,3823.88612,0.00003848,2024-12-11T19:28:30.787123173-05:00
ETH-USD,3822.231865,1,ask,3822.32209,0.00002361,2024-12-11T19:29:31.653860144-05:00
ETH-USD,3825.816865,1,ask,3825.888135,0.00001863,2024-12-11T19:30:32.469269904-05:00
ETH-USD,3826.55597,1,ask,3826.70209,0.00003819,2024-12-11T19:31:33.294031227-05:00
ETH-USD,3831.7441425,1,ask,3831.768285,0.0000063,2024-12-11T19:32:34.08259084-05:00
