symbol,price,quantity,side,ask_inclusive_of_buy_spread,buy_spread,timestamp
LTC-USD,133.1500642555,1,ask,133.8875217555,0.00553854,2024-12-08T12:18:49.251622667-05:00
LTC-USD,133.26413712775,1,ask,133.9963215,0.00549423,2024-12-08T12:19:49.389610083-05:00
LTC-USD,133.36570387775,1,ask,134.1,0.00550588,2024-12-08T12:20:49.535049218-05:00
LTC-USD,133.2400642555,1,ask,133.9780122555,0.00553848,2024-12-08T12:21:49.63939859-05:00
LTC-USD,133.5709945,1,ask,134.29,0.00538295,2024-12-08T12:22:49.790488754-05:00
LTC-USD,133.65080375,1,ask,134.38,0.00545598,2024-12-08T12:23:49.941918226-05:00
LTC-USD,133.62994087775,1,ask,134.35,0.00538846,2024-12-08T12:24:50.091473118-05:00
LTC-USD,133.7179177532,1,ask,134.4563352509,0.0055222,2024-12-08T12:25:50.240572452-05:00
LTC-USD,133.55074167545,1,ask,134.2892763509,0.00552999,2024-12-08T12:26:50.388337318-05:00
LTC-USD,133.50532237775,1,ask,134.24,0.00550298,2024-12-08T12:27:50.525746541-05:00
LTC-USD,133.39916437775,1,ask,134.1370845,0.00553167,2024-12-08T12:28:50.687662508-05:00
LTC-USD,133.2844185665,1,ask,134.015213133,0.00548297,2024-12-08T12:29:50.833799207-05:00
LTC-USD,133.3055856665,1,ask,134.037656333,0.00549167,2024-12-08T12:30:50.983072628-05:00
LTC-USD,133.17095437775,1,ask,133.9076307555,0.00553181,2024-12-08T12:31:51.152281018-05:00
LTC-USD,133.33916437775,1,ask,134.0767575,0.00553171,2024-12-08T12:32:51.31722765-05:00
LTC-USD,133.3376470165,1,ask,134.071942533,0.00550704,2024-12-08T12:33:51.45376875-05:00
LTC-USD,133.44095437775,1,ask,134.1791022555,0.00553164,2024-12-08T12:34:51.608721125-05:00
LTC-USD,133.32969089425,1,ask,134.067756033,0.00553564,2024-12-08T12:35:51.74945886-05:00
LTC-USD,133.36508175,1,ask,134.106921,0.00556247,2024-12-08T12:36:51.88881131-05:00
LTC-USD,133.34095437775,1,ask,134.0785572555,0.00553171,2024-12-08T12:37:52.033337213-05:00
LTC-USD,133.38564937775,1,ask,134.12,0.00550547,2024-12-08T12:38:52.218857621-05:00
LTC-USD,133.68074925,1,ask,134.42,0.00552997,2024-12-08T12:39:52.370442045-05:00
LTC-USD,133.72588409425,1,ask,134.462322433,0.00550707,2024-12-08T12:40:52.545122065-05:00
LTC-USD,133.7526526532,1,ask,134.4860230509,0.00548303,2024-12-08T12:41:52.710796705-05:00
LTC-USD,133.79319417275,1,ask,134.53726959,0.00556138,2024-12-08T12:42:52.853929697-05:00
LTC-USD,133.85123229425,1,ask,134.583727333,0.00547246,2024-12-08T12:43:52.985930299-05:00
LTC-USD,133.93095437775,1,ask,134.6717727555,0.00553135,2024-12-08T12:44:53.118745507-05:00
LTC-USD,133.7400642555,1,ask,134.4807372555,0.00553815,2024-12-08T12:45:53.265997011-05:00
LTC-USD,133.80095437775,1,ask,134.5410642555,0.00553142,2024-12-08T12:46:53.411949863-05:00
LTC-USD,133.79916437775,1,ask,134.5392645,0.00553143,2024-12-08T12:47:53.562245569-05:00
LTC-USD,133.88095437775,1,ask,134.6215002555,0.00553138,2024-12-08T12:48:53.698397137-05:00
LTC-USD,133.81637461775,1,ask,134.55379398,0.00551068,2024-12-08T12:49:53.852480756-05:00
LTC-USD,133.87931412775,1,ask,134.62,0.00553249,2024-12-08T12:50:53.991908651-05:00
LTC-USD,134.03849630775,1,ask,134.77923636,0.00552632,2024-12-08T12:51:54.140524153-05:00
LTC-USD,134.0746865,1,ask,134.82,0.00555894,2024-12-08T12:52:54.268765877-05:00
LTC-USD,133.99419162775,1,ask,134.7403545,0.00556862,2024-12-08T12:53:54.416093685-05:00
LTC-USD,134.00279029775,1,ask,134.73766084,0.00548399,2024-12-08T12:54:54.559796637-05:00
LTC-USD,133.88095437775,1,ask,134.6215002555,0.00553138,2024-12-08T12:55:54.705444925-05:00
LTC-USD,133.8900545,1,ask,134.629755,0.00552469,2024-12-08T12:56:54.861234729-05:00
LTC-USD,133.89425962775,1,ask,134.63,0.00549494,2024-12-08T12:57:55.015161464-05:00
LTC-USD,133.89852038275,1,ask,134.63852151,0.00552658,2024-12-08T12:58:55.164962431-05:00
LTC-USD,133.9400642555,1,ask,134.6818272555,0.00553802,2024-12-08T12:59:55.298518367-05:00
LTC-USD,134.05095437775,1,ask,134.7924267555,0.00553127,2024-12-08T13:00:55.454916264-05:00
LTC-USD,134.2300642555,1,ask,134.9734077555,0.00553783,2024-12-08T13:01:55.598946574-05:00
LTC-USD,134.18438675,1,ask,134.93,0.00555663,2024-12-08T13:02:55.749926203-05:00
LTC-USD,134.09095437775,1,ask,134.8326447555,0.00553125,2024-12-08T13:03:55.90638494-05:00
LTC-USD,134.07916437775,1,ask,134.8207905,0.00553126,2024-12-08T13:04:56.053112677-05:00
LTC-USD,133.93095437775,1,ask,134.6717727555,0.00553135,2024-12-08T13:05:56.196154654-05:00
LTC-USD,133.8156852,1,ask,134.5506349,0.00549225,2024-12-08T13:06:56.326016717-05:00
LTC-USD,133.85916437775,1,ask,134.5995915,0.00553139,2024-12-08T13:07:56.463528796-05:00
LTC-USD,133.80450487775,1,ask,134.54,0.00549679,2024-12-08T13:08:56.616321127-05:00
LTC-USD,133.87931412775,1,ask,134.62,0.00553249,2024-12-08T13:09:56.779933966-05:00
LTC-USD,133.88419162775,1,ask,134.629755,0.00556872,2024-12-08T13:10:56.921467965-05:00
LTC-USD,133.7800642555,1,ask,134.5209552555,0.00553813,2024-12-08T13:11:57.068337539-05:00
LTC-USD,133.86598162775,1,ask,134.6114457555,0.00556873,2024-12-08T13:12:57.205749689-05:00
LTC-USD,133.70916437775,1,ask,134.448774,0.00553148,2024-12-08T13:13:57.348607359-05:00
LTC-USD,133.68598162775,1,ask,134.4304647555,0.00556889,2024-12-08T13:14:57.49343476-05:00
LTC-USD,133.83942312775,1,ask,134.58,0.00553332,2024-12-08T13:15:57.670483365-05:00
LTC-USD,134.01393262775,1,ask,134.75,0.00549247,2024-12-08T13:16:57.823256022-05:00
LTC-USD,133.97916437775,1,ask,134.7202455,0.00553132,2024-12-08T13:17:57.985420253-05:00
LTC-USD,133.8250915055,1,ask,134.5712277555,0.00557546,2024-12-08T13:18:58.157145804-05:00
LTC-USD,133.63483289775,1,ask,134.36972954,0.00549929,2024-12-08T13:19:58.311030783-05:00
LTC-USD,133.62508175,1,ask,134.368338,0.00556225,2024-12-08T13:20:58.467595701-05:00
LTC-USD,133.6200642555,1,ask,134.3600832555,0.00553823,2024-12-08T13:21:58.601745589-05:00
LTC-USD,133.4600642555,1,ask,134.1992112555,0.00553834,2024-12-08T13:22:58.730965498-05:00
LTC-USD,133.3600642555,1,ask,134.0986662555,0.0055384,2024-12-08T13:23:58.868757785-05:00
LTC-USD,133.3051308,1,ask,134.0466921,0.00556289,2024-12-08T13:24:59.007410867-05:00
LTC-USD,133.08598162775,1,ask,133.8271947555,0.00556943,2024-12-08T13:25:59.163011786-05:00
LTC-USD,133.04916437775,1,ask,133.785177,0.00553188,2024-12-08T13:26:59.313704109-05:00
LTC-USD,133.10916437775,1,ask,133.845504,0.00553185,2024-12-08T13:27:59.453623845-05:00
LTC-USD,133.31508175,1,ask,134.0566485,0.00556251,2024-12-08T13:28:59.614768068-05:00
LTC-USD,133.11095437775,1,ask,133.8473037555,0.00553185,2024-12-08T13:29:59.755406751-05:00
LTC-USD,132.97508175,1,ask,133.7147955,0.0055628,2024-12-08T13:30:59.916671461-05:00
LTC-USD,132.8578660665,1,ask,133.589764633,0.00550888,2024-12-08T13:32:00.085720931-05:00
LTC-USD,132.82717537775,1,ask,133.56,0.00551713,2024-12-08T13:33:00.250487633-05:00
LTC-USD,132.94095437775,1,ask,133.6763772555,0.00553195,2024-12-08T13:34:00.396856221-05:00
LTC-USD,132.95135009425,1,ask,133.679057933,0.00547349,2024-12-08T13:35:00.556982304-05:00
LTC-USD,133.02071914425,1,ask,133.748177533,0.00546876,2024-12-08T13:36:00.700717406-05:00
LTC-USD,133.14095437775,1,ask,133.8774672555,0.00553183,2024-12-08T13:37:00.84401549-05:00
LTC-USD,133.1308644532,1,ask,133.8590676509,0.00546983,2024-12-08T13:38:01.025028928-05:00
LTC-USD,133.00916437775,1,ask,133.744959,0.00553191,2024-12-08T13:39:01.422522875-05:00
LTC-USD,133.0892427665,1,ask,133.823771533,0.00551907,2024-12-08T13:40:01.585930319-05:00
LTC-USD,133.0982317165,1,ask,133.831803933,0.00551151,2024-12-08T13:41:01.735496256-05:00
LTC-USD,132.97095437775,1,ask,133.7065407555,0.00553193,2024-12-08T13:42:01.907085392-05:00
LTC-USD,133.03916437775,1,ask,133.7751225,0.00553189,2024-12-08T13:43:02.010391427-05:00
LTC-USD,133.0530634032,1,ask,133.7830295509,0.00548628,2024-12-08T13:44:02.165103046-05:00
LTC-USD,132.9700642555,1,ask,133.7065407555,0.00553866,2024-12-08T13:45:02.32005456-05:00
LTC-USD,133.13095437775,1,ask,133.8674127555,0.00553183,2024-12-08T13:46:02.482373144-05:00
LTC-USD,133.16095437775,1,ask,133.8975762555,0.00553182,2024-12-08T13:47:02.59576601-05:00
LTC-USD,133.10839697545,1,ask,133.8421889509,0.00551274,2024-12-08T13:48:02.755934935-05:00
LTC-USD,133.07916437775,1,ask,133.8153405,0.00553187,2024-12-08T13:49:02.924765125-05:00
LTC-USD,133.0900642555,1,ask,133.8271947555,0.00553858,2024-12-08T13:50:03.095945565-05:00
LTC-USD,133.17381712545,1,ask,133.9133562509,0.00555319,2024-12-08T13:51:03.260757749-05:00
LTC-USD,133.14095437775,1,ask,133.8774672555,0.00553183,2024-12-08T13:52:03.423418111-05:00
LTC-USD,133.15095437775,1,ask,133.8875217555,0.00553182,2024-12-08T13:53:03.585308006-05:00
LTC-USD,133.09916437775,1,ask,133.8354495,0.00553185,2024-12-08T13:54:03.751715656-05:00
LTC-USD,133.03095437775,1,ask,133.7668677555,0.0055319,2024-12-08T13:55:03.913006621-05:00
LTC-USD,132.9000642555,1,ask,133.6361592555,0.00553871,2024-12-08T13:56:04.067603018-05:00
LTC-USD,132.76095437775,1,ask,133.4953962555,0.00553206,2024-12-08T13:57:04.22065085-05:00
LTC-USD,132.67095437775,1,ask,133.4049057555,0.00553212,2024-12-08T13:58:04.389043193-05:00
LTC-USD,132.65095437775,1,ask,133.3847967555,0.00553213,2024-12-08T13:59:04.541146723-05:00
LTC-USD,132.52796562775,1,ask,133.25,0.00544817,2024-12-08T14:00:04.708330093-05:00
LTC-USD,132.334428,1,ask,133.07,0.00555843,2024-12-08T14:01:04.859724894-05:00
LTC-USD,132.62916437775,1,ask,133.362888,0.00553214,2024-12-08T14:02:05.018656778-05:00
LTC-USD,132.59095437775,1,ask,133.3244697555,0.00553217,2024-12-08T14:03:05.197220137-05:00
LTC-USD,132.61508175,1,ask,133.3528335,0.00556311,2024-12-08T14:04:05.3672463-05:00
LTC-USD,132.7700642555,1,ask,133.5054507555,0.0055388,2024-12-08T14:05:05.552259389-05:00
LTC-USD,132.99032809425,1,ask,133.717231933,0.00546584,2024-12-08T14:06:05.714772688-05:00
LTC-USD,133.18095437775,1,ask,133.9176852555,0.0055318,2024-12-08T14:07:05.865133981-05:00
LTC-USD,132.9200642555,1,ask,133.6562682555,0.0055387,2024-12-08T14:08:06.017741813-05:00
LTC-USD,132.90916437775,1,ask,133.644414,0.00553197,2024-12-08T14:09:06.169806765-05:00
LTC-USD,132.93095437775,1,ask,133.6663227555,0.00553196,2024-12-08T14:10:06.323374873-05:00
LTC-USD,132.84598162775,1,ask,133.5858867555,0.00556965,2024-12-08T14:11:06.486426435-05:00
LTC-USD,132.8000545,1,ask,133.5338145,0.0055253,2024-12-08T14:12:06.650595053-05:00
LTC-USD,132.38095437775,1,ask,133.1133252555,0.0055323,2024-12-08T14:13:06.825459913-05:00
LTC-USD,132.22419162775,1,ask,132.960708,0.00557021,2024-12-08T14:14:06.996914544-05:00
LTC-USD,132.24095437775,1,ask,132.9725622555,0.00553239,2024-12-08T14:15:07.157679705-05:00
LTC-USD,132.1700642555,1,ask,132.9021807555,0.0055392,2024-12-08T14:16:07.306141409-05:00
LTC-USD,132.22375919425,1,ask,132.949897633,0.00549174,2024-12-08T14:17:07.457071036-05:00
LTC-USD,132.13994575,1,ask,132.87,0.00552486,2024-12-08T14:18:07.60427707-05:00
LTC-USD,132.43095437775,1,ask,133.1635977555,0.00553227,2024-12-08T14:19:07.772510664-05:00
LTC-USD,132.6414831665,1,ask,133.375799833,0.0055361,2024-12-08T14:20:07.927996453-05:00
LTC-USD,132.7987189032,1,ask,133.5329235509,0.0055287,2024-12-08T14:21:08.096812188-05:00
LTC-USD,132.80916437775,1,ask,133.543869,0.00553203,2024-12-08T14:22:08.248510044-05:00
LTC-USD,132.78095437775,1,ask,133.5155052555,0.00553205,2024-12-08T14:23:08.40379071-05:00
LTC-USD,132.6800642555,1,ask,133.4149602555,0.00553886,2024-12-08T14:24:08.555936732-05:00
LTC-USD,132.68352914425,1,ask,133.411944533,0.00548987,2024-12-08T14:25:08.7211111-05:00
LTC-USD,132.6326469665,1,ask,133.368072933,0.00554483,2024-12-08T14:26:08.868857889-05:00
LTC-USD,132.52095437775,1,ask,133.2540882555,0.00553221,2024-12-08T14:27:09.027652309-05:00
LTC-USD,132.3444743665,1,ask,133.080147233,0.00555877,2024-12-08T14:28:09.188024396-05:00
LTC-USD,132.30916437775,1,ask,133.041144,0.00553234,2024-12-08T14:29:09.350875893-05:00
LTC-USD,132.4158118665,1,ask,133.143258233,0.00549365,2024-12-08T14:30:09.516823212-05:00
LTC-USD,132.63689784425,1,ask,133.368409433,0.00551514,2024-12-08T14:31:09.679736924-05:00
LTC-USD,132.95095437775,1,ask,133.6864317555,0.00553195,2024-12-08T14:32:09.842898529-05:00
LTC-USD,133.0983677665,1,ask,133.832076033,0.00551253,2024-12-08T14:33:10.027570144-05:00
LTC-USD,133.09095437775,1,ask,133.8271947555,0.00553186,2024-12-08T14:34:10.19181031-05:00
LTC-USD,133.18491904425,1,ask,133.917449333,0.0055001,2024-12-08T14:35:10.390834929-05:00
LTC-USD,133.08916437775,1,ask,133.825395,0.00553186,2024-12-08T14:36:10.55206247-05:00
LTC-USD,133.12916437775,1,ask,133.865613,0.00553184,2024-12-08T14:37:10.711677541-05:00
LTC-USD,133.1752406665,1,ask,133.906257833,0.00548914,2024-12-08T14:38:10.89099781-05:00
LTC-USD,133.1400545,1,ask,133.8756675,0.00552511,2024-12-08T14:39:11.055565768-05:00
LTC-USD,133.18971449425,1,ask,133.917094733,0.00546123,2024-12-08T14:40:11.238541215-05:00
LTC-USD,133.18095437775,1,ask,133.9176852555,0.0055318,2024-12-08T14:41:11.400398987-05:00
LTC-USD,133.13986862545,1,ask,133.8752957509,0.00552372,2024-12-08T14:42:11.552899025-05:00
LTC-USD,133.27894774425,1,ask,134.006051733,0.00545551,2024-12-08T14:43:11.71515654-05:00
LTC-USD,133.34095437775,1,ask,134.0785572555,0.00553171,2024-12-08T14:44:11.871960265-05:00
LTC-USD,133.2824678032,1,ask,134.0130918509,0.00548177,2024-12-08T14:45:12.046402603-05:00
LTC-USD,133.33874364425,1,ask,134.075916033,0.00552857,2024-12-08T14:46:12.214293808-05:00
LTC-USD,133.31427104425,1,ask,134.046861833,0.00549522,2024-12-08T14:47:12.670622036-05:00
LTC-USD,133.40488884425,1,ask,134.138587933,0.00549979,2024-12-08T14:48:12.834669134-05:00
LTC-USD,133.31562574425,1,ask,134.049571233,0.00550532,2024-12-08T14:49:13.022535387-05:00
LTC-USD,133.29589462775,1,ask,134.03,0.00550734,2024-12-08T14:50:13.184611137-05:00
LTC-USD,133.34711992545,1,ask,134.0809428509,0.0055031,2024-12-08T14:51:13.336634564-05:00
LTC-USD,133.3262922665,1,ask,134.059178533,0.00549694,2024-12-08T14:52:13.492099504-05:00
LTC-USD,133.3951602665,1,ask,134.127296033,0.00548847,2024-12-08T14:53:13.645613372-05:00
LTC-USD,133.3496027165,1,ask,134.085908433,0.00552162,2024-12-08T14:54:13.803534904-05:00
LTC-USD,133.36620449425,1,ask,134.101001233,0.00550962,2024-12-08T14:55:13.959845853-05:00
LTC-USD,133.47858937545,1,ask,134.2145902509,0.005514,2024-12-08T14:56:14.129514842-05:00
LTC-USD,133.4790077665,1,ask,134.215427033,0.00551712,2024-12-08T14:57:14.295394701-05:00
LTC-USD,133.54381089425,1,ask,134.277195033,0.00549171,2024-12-08T14:58:14.457387247-05:00
LTC-USD,133.6694271532,1,ask,134.3991360509,0.00545906,2024-12-08T14:59:14.621726372-05:00
LTC-USD,133.6659196165,1,ask,134.400286233,0.00549405,2024-12-08T15:00:14.808033407-05:00
LTC-USD,133.48095437775,1,ask,134.2193202555,0.00553162,2024-12-08T15:01:14.97599406-05:00
LTC-USD,133.6870134165,1,ask,134.422582833,0.00550218,2024-12-08T15:02:15.156773562-05:00
LTC-USD,133.5800642555,1,ask,134.3198652555,0.00553826,2024-12-08T15:03:15.304329611-05:00
LTC-USD,133.53536160845,1,ask,134.2702419614,0.00550326,2024-12-08T15:04:15.484728266-05:00
LTC-USD,133.6352131032,1,ask,134.3704899509,0.00550212,2024-12-08T15:05:15.652834017-05:00
LTC-USD,133.67855044425,1,ask,134.407437133,0.00545253,2024-12-08T15:06:15.806045949-05:00
LTC-USD,133.4997589165,1,ask,134.237038333,0.0055227,2024-12-08T15:07:15.9629143-05:00
LTC-USD,133.41390865,1,ask,134.1449018,0.00547914,2024-12-08T15:08:16.129015452-05:00
LTC-USD,133.43551312775,1,ask,134.17,0.00550443,2024-12-08T15:09:16.282436469-05:00
LTC-USD,133.70830569425,1,ask,134.437111133,0.00545071,2024-12-08T15:10:16.442019418-05:00
LTC-USD,133.63184419425,1,ask,134.363752133,0.00547705,2024-12-08T15:11:16.584958977-05:00
LTC-USD,133.6199155165,1,ask,134.358005533,0.0055238,2024-12-08T15:12:16.745434696-05:00
LTC-USD,133.6092260032,1,ask,134.3483522509,0.005532,2024-12-08T15:13:16.904721567-05:00
LTC-USD,133.59507712775,1,ask,134.33,0.00550112,2024-12-08T15:14:17.018740472-05:00
LTC-USD,133.6489094032,1,ask,134.3879370509,0.00552962,2024-12-08T15:15:17.152210774-05:00
LTC-USD,133.45756934425,1,ask,134.194221433,0.00551975,2024-12-08T15:16:17.299331175-05:00
LTC-USD,133.49923249425,1,ask,134.237765733,0.00553212,2024-12-08T15:17:17.480335585-05:00
LTC-USD,133.50273334425,1,ask,134.234821933,0.0054837,2024-12-08T15:18:17.655500155-05:00
LTC-USD,133.62306222775,1,ask,134.3561337,0.00548611,2024-12-08T15:19:17.804989814-05:00
LTC-USD,133.66095437775,1,ask,134.4003012555,0.00553151,2024-12-08T15:20:17.966698034-05:00
LTC-USD,133.75262584425,1,ask,134.485969433,0.00548284,2024-12-08T15:21:18.122606489-05:00
LTC-USD,133.66908551275,1,ask,134.40839827,0.00553092,2024-12-08T15:22:18.326517921-05:00
LTC-USD,133.7023519532,1,ask,134.4351491509,0.00548081,2024-12-08T15:23:18.465509024-05:00
LTC-USD,133.76449169425,1,ask,134.499755633,0.0054967,2024-12-08T15:24:18.620722842-05:00
LTC-USD,133.7500642555,1,ask,134.4907917555,0.00553815,2024-12-08T15:25:18.791011795-05:00
LTC-USD,133.67095437775,1,ask,134.4103557555,0.0055315,2024-12-08T15:26:18.963782117-05:00
LTC-USD,133.60916437775,1,ask,134.348229,0.00553154,2024-12-08T15:27:19.126248217-05:00
LTC-USD,133.65916437775,1,ask,134.3985015,0.00553151,2024-12-08T15:28:19.279004909-05:00
LTC-USD,133.67916437775,1,ask,134.4186105,0.0055315,2024-12-08T15:29:19.435139029-05:00
LTC-USD,133.58095437775,1,ask,134.3198652555,0.00553156,2024-12-08T15:30:19.597659418-05:00
LTC-USD,133.34095437775,1,ask,134.0785572555,0.00553171,2024-12-08T15:31:19.769523292-05:00
LTC-USD,133.3500642555,1,ask,134.0886117555,0.00553841,2024-12-08T15:32:19.931494253-05:00
LTC-USD,133.2800642555,1,ask,134.0182302555,0.00553846,2024-12-08T15:33:20.093243374-05:00
LTC-USD,133.41095437775,1,ask,134.1489387555,0.00553166,2024-12-08T15:34:20.252803696-05:00
LTC-USD,133.40095437775,1,ask,134.1388842555,0.00553167,2024-12-08T15:35:20.412964685-05:00
LTC-USD,133.4200642555,1,ask,134.1589932555,0.00553836,2024-12-08T15:36:20.565620667-05:00
LTC-USD,133.34916437775,1,ask,134.086812,0.0055317,2024-12-08T15:37:20.723580798-05:00
LTC-USD,133.2500642555,1,ask,133.9880667555,0.00553848,2024-12-08T15:38:20.825295243-05:00
LTC-USD,133.38901289425,1,ask,134.126727033,0.00553055,2024-12-08T15:39:20.983282965-05:00
LTC-USD,133.2898952032,1,ask,134.0279466509,0.00553719,2024-12-08T15:40:21.134102118-05:00
LTC-USD,133.26419162775,1,ask,134.006376,0.00556927,2024-12-08T15:41:21.29354116-05:00
LTC-USD,133.32501559425,1,ask,134.058405433,0.00550077,2024-12-08T15:42:21.452564961-05:00
LTC-USD,133.3100642555,1,ask,134.0483937555,0.00553844,2024-12-08T15:43:21.594070617-05:00
LTC-USD,133.4082108165,1,ask,134.143451633,0.00551121,2024-12-08T15:44:21.744749651-05:00
LTC-USD,133.4700642555,1,ask,134.2092657555,0.00553833,2024-12-08T15:45:21.898535761-05:00
LTC-USD,133.50860254425,1,ask,134.236614833,0.00545292,2024-12-08T15:46:22.061043955-05:00
LTC-USD,133.39466167545,1,ask,134.1362443509,0.00555931,2024-12-08T15:47:22.231767976-05:00
LTC-USD,133.23916437775,1,ask,133.9762125,0.00553177,2024-12-08T15:48:22.381804681-05:00
LTC-USD,133.2300642555,1,ask,133.9679577555,0.00553849,2024-12-08T15:49:22.534442043-05:00
LTC-USD,133.5901379665,1,ask,134.318341433,0.00545103,2024-12-08T15:50:22.699441863-05:00
LTC-USD,133.5454980165,1,ask,134.288734533,0.00556542,2024-12-08T15:51:22.844434267-05:00
LTC-USD,133.62740069425,1,ask,134.354865133,0.00544398,2024-12-08T15:52:23.009895111-05:00
LTC-USD,133.58239962775,1,ask,134.3145905,0.00548119,2024-12-08T15:53:23.174188738-05:00
LTC-USD,133.5005149165,1,ask,134.238550333,0.00552833,2024-12-08T15:54:23.326721555-05:00
LTC-USD,133.52095437775,1,ask,134.2595382555,0.0055316,2024-12-08T15:55:23.474868051-05:00
LTC-USD,133.38095437775,1,ask,134.1187752555,0.00553168,2024-12-08T15:56:23.62524544-05:00
LTC-USD,133.2600642555,1,ask,133.9981212555,0.00553847,2024-12-08T15:57:23.786510623-05:00
LTC-USD,133.30916437775,1,ask,134.046594,0.00553172,2024-12-08T15:58:23.946689612-05:00
LTC-USD,133.28592187775,1,ask,134.02,0.00550754,2024-12-08T15:59:24.106110036-05:00
LTC-USD,133.2900642555,1,ask,134.0282847555,0.00553845,2024-12-08T16:00:24.263666814-05:00
LTC-USD,133.35689249425,1,ask,134.092322733,0.00551475,2024-12-08T16:01:24.432177598-05:00
LTC-USD,133.3000642555,1,ask,134.0383392555,0.00553844,2024-12-08T16:02:24.601098316-05:00
LTC-USD,133.3987236032,1,ask,134.1362029509,0.00552838,2024-12-08T16:03:24.786605137-05:00
LTC-USD,133.4740481665,1,ask,134.205507833,0.00548016,2024-12-08T16:04:24.946646317-05:00
LTC-USD,133.3548843032,1,ask,134.0883063509,0.00549978,2024-12-08T16:05:25.095883766-05:00
LTC-USD,133.3725217532,1,ask,134.1036902509,0.00548215,2024-12-08T16:06:25.244765798-05:00
LTC-USD,133.24128779425,1,ask,133.980459333,0.00554762,2024-12-08T16:07:25.415486702-05:00
LTC-USD,133.15095437775,1,ask,133.8875217555,0.00553182,2024-12-08T16:08:25.589889166-05:00
LTC-USD,133.1300642555,1,ask,133.8674127555,0.00553856,2024-12-08T16:09:25.74555848-05:00
LTC-USD,133.2272181032,1,ask,133.9622654509,0.00551725,2024-12-08T16:10:25.907160568-05:00
LTC-USD,133.1832461665,1,ask,133.922268833,0.00554892,2024-12-08T16:11:26.065061993-05:00
LTC-USD,133.09571067545,1,ask,133.8367073509,0.0055674,2024-12-08T16:12:26.213591509-05:00
LTC-USD,132.99227559425,1,ask,133.721126933,0.0054804,2024-12-08T16:13:26.374277618-05:00
LTC-USD,132.9331525665,1,ask,133.660773633,0.00547359,2024-12-08T16:14:26.552677242-05:00
LTC-USD,132.7083982532,1,ask,133.4318462509,0.00545141,2024-12-08T16:15:26.705547422-05:00
LTC-USD,132.83404009425,1,ask,133.553838433,0.00541878,2024-12-08T16:16:26.878580926-05:00
LTC-USD,132.90363254425,1,ask,133.623404833,0.00541575,2024-12-08T16:17:27.032417466-05:00
LTC-USD,133.0286758165,1,ask,133.752365133,0.0054401,2024-12-08T16:18:27.420009167-05:00
LTC-USD,133.01868934425,1,ask,133.754063433,0.00552835,2024-12-08T16:19:27.582976736-05:00
LTC-USD,132.98411689425,1,ask,133.714755033,0.00549418,2024-12-08T16:20:27.751969825-05:00
LTC-USD,133.1163036165,1,ask,133.848056733,0.0054971,2024-12-08T16:21:27.908086161-05:00
LTC-USD,133.1157019032,1,ask,133.8486335509,0.00550597,2024-12-08T16:22:28.063461358-05:00
LTC-USD,133.1600642555,1,ask,133.8975762555,0.00553854,2024-12-08T16:23:28.215250926-05:00
LTC-USD,133.14419162775,1,ask,133.885722,0.00556938,2024-12-08T16:24:28.385873174-05:00
LTC-USD,133.08108246125,1,ask,133.8171402555,0.0055309,2024-12-08T16:25:28.531210325-05:00
LTC-USD,133.15598162775,1,ask,133.8975762555,0.00556937,2024-12-08T16:26:28.674818332-05:00
LTC-USD,133.32844298165,1,ask,134.0652602078,0.00552633,2024-12-08T16:27:28.832648365-05:00
LTC-USD,133.39095437775,1,ask,134.1288297555,0.00553167,2024-12-08T16:28:28.993122863-05:00
LTC-USD,133.3700642555,1,ask,134.1087207555,0.0055384,2024-12-08T16:29:29.156005124-05:00
LTC-USD,133.2800642555,1,ask,134.0182302555,0.00553846,2024-12-08T16:30:29.311362977-05:00
LTC-USD,133.4597159665,1,ask,134.196734433,0.0055224,2024-12-08T16:31:29.459557747-05:00
LTC-USD,133.3200642555,1,ask,134.0584482555,0.00553843,2024-12-08T16:32:29.836971854-05:00
LTC-USD,133.23916437775,1,ask,133.9762125,0.00553177,2024-12-08T16:33:29.97411715-05:00
LTC-USD,133.4350915055,1,ask,134.1791022555,0.00557583,2024-12-08T16:34:30.130431058-05:00
LTC-USD,133.4400642555,1,ask,134.1791022555,0.00553835,2024-12-08T16:35:30.282909857-05:00
LTC-USD,133.50916437775,1,ask,134.247684,0.0055316,2024-12-08T16:36:30.43465371-05:00
LTC-USD,133.49419162775,1,ask,134.2376295,0.00556907,2024-12-08T16:37:30.577636197-05:00
LTC-USD,133.57916437775,1,ask,134.3180655,0.00553156,2024-12-08T16:38:30.761769704-05:00
LTC-USD,133.57916437775,1,ask,134.3180655,0.00553156,2024-12-08T16:39:30.878259573-05:00
LTC-USD,133.48916437775,1,ask,134.227575,0.00553161,2024-12-08T16:40:31.041625015-05:00
LTC-USD,133.5600642555,1,ask,134.2997562555,0.00553827,2024-12-08T16:41:31.20812106-05:00
LTC-USD,133.4500642555,1,ask,134.1891567555,0.00553835,2024-12-08T16:42:31.366681238-05:00
LTC-USD,133.3308642023,1,ask,134.0584482555,0.00545698,2024-12-08T16:43:31.533338077-05:00
LTC-USD,133.3050915055,1,ask,134.0483937555,0.00557595,2024-12-08T16:44:31.698871063-05:00
LTC-USD,133.32095437775,1,ask,134.0584482555,0.00553172,2024-12-08T16:45:31.846725727-05:00
LTC-USD,133.19508175,1,ask,133.9359945,0.00556261,2024-12-08T16:46:32.008089418-05:00
LTC-USD,133.18916437775,1,ask,133.92594,0.0055318,2024-12-08T16:47:32.184548799-05:00
LTC-USD,133.23916437775,1,ask,133.9762125,0.00553177,2024-12-08T16:48:32.348179101-05:00
LTC-USD,133.1400642555,1,ask,133.8774672555,0.00553855,2024-12-08T16:49:32.498417206-05:00
LTC-USD,132.98598162775,1,ask,133.7266497555,0.00556952,2024-12-08T16:50:32.658316781-05:00
LTC-USD,133.03419162775,1,ask,133.7751225,0.00556948,2024-12-08T16:51:32.819005151-05:00
LTC-USD,133.00095437775,1,ask,133.7367042555,0.00553191,2024-12-08T16:52:32.967756622-05:00
LTC-USD,132.9700642555,1,ask,133.7065407555,0.00553866,2024-12-08T16:53:33.130691801-05:00
LTC-USD,133.02419162775,1,ask,133.765068,0.00556949,2024-12-08T16:54:33.289787232-05:00
LTC-USD,133.09095437775,1,ask,133.8271947555,0.00553186,2024-12-08T16:55:33.459667292-05:00
LTC-USD,133.14916437775,1,ask,133.885722,0.00553182,2024-12-08T16:56:33.860284662-05:00
LTC-USD,133.24359424425,1,ask,133.975126733,0.00549019,2024-12-08T16:57:34.023121864-05:00
LTC-USD,133.35916437775,1,ask,134.0968665,0.00553169,2024-12-08T16:58:34.177137785-05:00
LTC-USD,133.46916437775,1,ask,134.207466,0.00553163,2024-12-08T16:59:34.339535491-05:00
LTC-USD,133.48916437775,1,ask,134.227575,0.00553161,2024-12-08T17:00:34.48501289-05:00
LTC-USD,133.28598162775,1,ask,134.0282847555,0.00556925,2024-12-08T17:01:34.634227843-05:00
LTC-USD,133.48298524425,1,ask,134.215216733,0.00548558,2024-12-08T17:02:34.78409936-05:00
LTC-USD,133.59399481705,1,ask,134.3278353786,0.00549307,2024-12-08T17:03:34.892204669-05:00
LTC-USD,133.81462649425,1,ask,134.550297733,0.00549769,2024-12-08T17:04:35.050332518-05:00
LTC-USD,133.7120704665,1,ask,134.452805933,0.00553978,2024-12-08T17:05:35.205746559-05:00
LTC-USD,133.6800642555,1,ask,134.4204102555,0.00553819,2024-12-08T17:06:35.312910494-05:00
LTC-USD,133.79453212775,1,ask,134.53,0.00549699,2024-12-08T17:07:35.4627841-05:00
LTC-USD,133.98385109425,1,ask,134.719673433,0.00549187,2024-12-08T17:08:35.606118394-05:00
LTC-USD,133.97615861275,1,ask,134.71423397,0.00550901,2024-12-08T17:09:35.770770436-05:00
LTC-USD,134.03911127545,1,ask,134.7786860509,0.0055176,2024-12-08T17:10:35.953415218-05:00
LTC-USD,134.04095437775,1,ask,134.7823722555,0.00553128,2024-12-08T17:11:36.377256275-05:00
LTC-USD,134.10477704425,1,ask,134.842179333,0.0054987,2024-12-08T17:12:36.524534444-05:00
LTC-USD,134.12916437775,1,ask,134.871063,0.00553123,2024-12-08T17:13:37.703003929-05:00
LTC-USD,134.26327862775,1,ask,135.01,0.00556162,2024-12-08T17:14:37.871171812-05:00
LTC-USD,134.38792437775,1,ask,135.13,0.00552189,2024-12-08T17:15:38.028931653-05:00
LTC-USD,134.13860562775,1,ask,134.88,0.00552708,2024-12-08T17:16:38.180554686-05:00
LTC-USD,134.1943595,1,ask,134.94,0.00555642,2024-12-08T17:17:38.344110968-05:00
LTC-USD,134.17846937775,1,ask,134.91,0.00545192,2024-12-08T17:18:38.514750721-05:00
LTC-USD,134.16444125,1,ask,134.91,0.00555705,2024-12-08T17:19:38.672784301-05:00
LTC-USD,134.1870386165,1,ask,134.925358233,0.00550217,2024-12-08T17:20:38.833400309-05:00
LTC-USD,134.06598162775,1,ask,134.8125357555,0.00556856,2024-12-08T17:21:38.995574168-05:00
LTC-USD,134.14095437775,1,ask,134.8829172555,0.00553122,2024-12-08T17:22:39.150994852-05:00
LTC-USD,134.15095437775,1,ask,134.8929717555,0.00553121,2024-12-08T17:23:40.32385109-05:00
LTC-USD,134.24916437775,1,ask,134.991717,0.00553115,2024-12-08T17:24:40.482924098-05:00
LTC-USD,134.16419162775,1,ask,134.911281,0.00556847,2024-12-08T17:25:40.600294811-05:00
LTC-USD,134.2700642555,1,ask,135.0136257555,0.00553781,2024-12-08T17:26:40.755481847-05:00
LTC-USD,134.33308787775,1,ask,135.08,0.00556015,2024-12-08T17:27:40.919223091-05:00
LTC-USD,134.3900642555,1,ask,135.1342797555,0.00553773,2024-12-08T17:28:41.091433802-05:00
LTC-USD,134.4200642555,1,ask,135.1644432555,0.00553771,2024-12-08T17:29:41.248050894-05:00
LTC-USD,134.3900642555,1,ask,135.1342797555,0.00553773,2024-12-08T17:30:41.394768687-05:00
LTC-USD,134.4500642555,1,ask,135.1946067555,0.00553769,2024-12-08T17:31:41.514164057-05:00
LTC-USD,134.4547965165,1,ask,135.192345533,0.00548548,2024-12-08T17:32:41.679429721-05:00
LTC-USD,134.35325042275,1,ask,135.0940617555,0.00551391,2024-12-08T17:33:41.839808991-05:00
LTC-USD,134.3877605665,1,ask,135.117946633,0.00543343,2024-12-08T17:34:41.995846304-05:00
LTC-USD,134.3933493032,1,ask,135.1309043509,0.00548803,2024-12-08T17:35:42.149983969-05:00
LTC-USD,134.164414,1,ask,134.9,0.00548272,2024-12-08T17:36:42.309857425-05:00
LTC-USD,134.15349662775,1,ask,134.87,0.00534092,2024-12-08T17:37:42.458578082-05:00
LTC-USD,134.2591415,1,ask,134.99,0.00544364,2024-12-08T17:38:42.616523987-05:00
LTC-USD,134.4415132165,1,ask,135.175724433,0.00546119,2024-12-08T17:39:42.79822708-05:00
LTC-USD,134.47352074425,1,ask,135.201737733,0.00541532,2024-12-08T17:40:42.959415065-05:00
LTC-USD,134.48961129425,1,ask,135.223973333,0.00546036,2024-12-08T17:41:43.12276575-05:00
LTC-USD,134.4080408665,1,ask,135.148561733,0.0055095,2024-12-08T17:42:43.284721438-05:00
LTC-USD,134.49003926125,1,ask,135.2329945225,0.00552424,2024-12-08T17:43:43.46193843-05:00
LTC-USD,134.6325379665,1,ask,135.358863933,0.00539488,2024-12-08T17:44:43.623963004-05:00
LTC-USD,134.81978054425,1,ask,135.556110333,0.00546159,2024-12-08T17:45:43.786165275-05:00
LTC-USD,134.98095437775,1,ask,135.7274952555,0.00553071,2024-12-08T17:46:43.946454309-05:00
LTC-USD,135.0768018165,1,ask,135.809789633,0.00542645,2024-12-08T17:47:44.108675122-05:00
LTC-USD,135.32916437775,1,ask,136.077603,0.00553051,2024-12-08T17:48:44.265565863-05:00
LTC-USD,135.54154734425,1,ask,136.283567933,0.00547449,2024-12-08T17:49:44.426428792-05:00
LTC-USD,135.15252649425,1,ask,135.893400733,0.00548176,2024-12-08T17:50:44.608512772-05:00
LTC-USD,135.07916437775,1,ask,135.8262405,0.00553065,2024-12-08T17:51:44.791942401-05:00
LTC-USD,134.92095437775,1,ask,135.6671682555,0.00553075,2024-12-08T17:52:44.941569457-05:00
LTC-USD,134.96332819425,1,ask,135.713914133,0.00556141,2024-12-08T17:53:45.109728854-05:00
LTC-USD,135.01776059425,1,ask,135.763105933,0.00552035,2024-12-08T17:54:45.260810721-05:00
LTC-USD,135.02774259425,1,ask,135.773124433,0.00552021,2024-12-08T17:55:45.410565487-05:00
LTC-USD,135.1582119165,1,ask,135.902991333,0.00551043,2024-12-08T17:56:45.568154651-05:00
LTC-USD,135.13566344425,1,ask,135.879565633,0.00550485,2024-12-08T17:57:45.711501091-05:00
LTC-USD,134.98277397775,1,ask,135.7130237,0.00540995,2024-12-08T17:58:45.877823456-05:00
LTC-USD,134.8677443032,1,ask,135.6023103509,0.00544657,2024-12-08T17:59:46.028014216-05:00
LTC-USD,134.9061779165,1,ask,135.647560833,0.00549554,2024-12-08T18:00:46.189469064-05:00
LTC-USD,134.81876134425,1,ask,135.554071933,0.00545407,2024-12-08T18:01:46.352369418-05:00
LTC-USD,134.70223099425,1,ask,135.440357233,0.00547969,2024-12-08T18:02:46.511945643-05:00
LTC-USD,134.5651527665,1,ask,135.303657533,0.00548808,2024-12-08T18:03:46.672661921-05:00
LTC-USD,134.52405994425,1,ask,135.253088633,0.00541932,2024-12-08T18:04:46.835583921-05:00
LTC-USD,134.5370650032,1,ask,135.2691532509,0.00544154,2024-12-08T18:05:46.984453135-05:00
LTC-USD,134.5489131459,1,ask,135.2829040363,0.0054552,2024-12-08T18:06:47.144222279-05:00
LTC-USD,134.75036424425,1,ask,135.476950733,0.00539209,2024-12-08T18:07:47.302895649-05:00
LTC-USD,134.7745376165,1,ask,135.489075233,0.00530173,2024-12-08T18:08:47.456624507-05:00
LTC-USD,134.7036612665,1,ask,135.407322533,0.00522377,2024-12-08T18:09:47.607282047-05:00
LTC-USD,134.61150806775,1,ask,135.3554787555,0.0055268,2024-12-08T18:10:47.768832236-05:00
LTC-USD,134.60338627545,1,ask,135.3502880509,0.00554891,2024-12-08T18:11:47.91411776-05:00
LTC-USD,134.5945198532,1,ask,135.3343354509,0.00549662,2024-12-08T18:12:48.066346209-05:00
LTC-USD,134.75138324425,1,ask,135.498879733,0.00554723,2024-12-08T18:13:48.227280827-05:00
LTC-USD,134.87095437775,1,ask,135.6168957555,0.00553078,2024-12-08T18:14:48.390870641-05:00
LTC-USD,134.70419162775,1,ask,135.454224,0.005568,2024-12-08T18:15:48.547536781-05:00
LTC-USD,134.5700642555,1,ask,135.3152607555,0.00553761,2024-12-08T18:16:48.698823298-05:00
LTC-USD,134.64700609425,1,ask,135.389580433,0.00551497,2024-12-08T18:17:48.846678672-05:00
LTC-USD,134.55095437775,1,ask,135.2951517555,0.00553097,2024-12-08T18:18:49.003081714-05:00
LTC-USD,134.58202309425,1,ask,135.329232933,0.00555208,2024-12-08T18:19:49.155888762-05:00
LTC-USD,134.83598162775,1,ask,135.5867322555,0.00556788,2024-12-08T18:20:49.316892293-05:00
LTC-USD,134.74598162775,1,ask,135.4962417555,0.00556796,2024-12-08T18:21:49.479942994-05:00
LTC-USD,134.56916437775,1,ask,135.313461,0.00553096,2024-12-08T18:22:49.638075561-05:00
LTC-USD,134.71928354425,1,ask,135.464516833,0.00553175,2024-12-08T18:23:49.80202705-05:00
LTC-USD,134.65095437775,1,ask,135.3956967555,0.00553091,2024-12-08T18:24:49.969369513-05:00
LTC-USD,134.9899212165,1,ask,135.735483433,0.0055231,2024-12-08T18:25:50.129333171-05:00
LTC-USD,135.00253269425,1,ask,135.742595633,0.00548184,2024-12-08T18:26:50.296377141-05:00
LTC-USD,134.7854366665,1,ask,135.525424333,0.00549012,2024-12-08T18:27:50.457404127-05:00
LTC-USD,134.7500642555,1,ask,135.4962417555,0.00553749,2024-12-08T18:28:50.610667857-05:00
LTC-USD,134.6600642555,1,ask,135.4057512555,0.00553755,2024-12-08T18:29:50.773242108-05:00
LTC-USD,134.64916437775,1,ask,135.393897,0.00553091,2024-12-08T18:30:50.94332858-05:00
LTC-USD,134.54095437775,1,ask,135.2850972555,0.00553098,2024-12-08T18:31:51.105747928-05:00
LTC-USD,134.6288568032,1,ask,135.3731728509,0.00552865,2024-12-08T18:32:51.269728836-05:00
LTC-USD,134.60916437775,1,ask,135.353679,0.00553094,2024-12-08T18:33:51.437223658-05:00
LTC-USD,134.78598162775,1,ask,135.5364597555,0.00556792,2024-12-08T18:34:51.605060503-05:00
LTC-USD,134.9665785665,1,ask,135.698743633,0.00542479,2024-12-08T18:35:51.773302708-05:00
LTC-USD,134.84369049425,1,ask,135.593984733,0.00556418,2024-12-08T18:36:51.937122299-05:00
LTC-USD,134.93932539425,1,ask,135.685799533,0.00553192,2024-12-08T18:37:52.092134429-05:00
LTC-USD,134.79095437775,1,ask,135.5364597555,0.00553083,2024-12-08T18:38:52.253747286-05:00
LTC-USD,134.7460957532,1,ask,135.4883047509,0.0055082,2024-12-08T18:39:52.408336773-05:00
LTC-USD,134.88763979425,1,ask,135.632155833,0.00551953,2024-12-08T18:40:52.55915042-05:00
LTC-USD,134.71791209425,1,ask,135.461773933,0.00552163,2024-12-08T18:41:52.732693452-05:00
LTC-USD,134.69419059425,1,ask,135.434221933,0.00549416,2024-12-08T18:42:52.894851654-05:00
LTC-USD,134.51946674425,1,ask,135.263793233,0.00553323,2024-12-08T18:43:53.049961769-05:00
LTC-USD,134.58201152545,1,ask,135.3174840509,0.00546487,2024-12-08T18:44:53.20112761-05:00
LTC-USD,134.6009487532,1,ask,135.3372477509,0.00547024,2024-12-08T18:45:53.364758571-05:00
LTC-USD,134.59629467545,1,ask,135.3361048509,0.00549651,2024-12-08T18:46:53.536157759-05:00
LTC-USD,134.68190439425,1,ask,135.419595033,0.00547728,2024-12-08T18:47:53.699138659-05:00
LTC-USD,134.7077012165,1,ask,135.449517433,0.00550686,2024-12-08T18:48:53.860354734-05:00
LTC-USD,134.8788302532,1,ask,135.6244822509,0.00552831,2024-12-08T18:49:54.015543497-05:00
LTC-USD,135.05598162775,1,ask,135.8079312555,0.00556769,2024-12-08T18:50:54.174943737-05:00
LTC-USD,135.3314083165,1,ask,136.080310633,0.00553384,2024-12-08T18:51:54.331425281-05:00
LTC-USD,135.27916437775,1,ask,136.0273305,0.00553053,2024-12-08T18:52:54.495316951-05:00
LTC-USD,135.3563170165,1,ask,136.100291533,0.00549642,2024-12-08T18:53:54.647267289-05:00
LTC-USD,135.4800642555,1,ask,136.2302202555,0.00553702,2024-12-08T18:54:54.809063253-05:00
LTC-USD,135.3200642555,1,ask,136.0693482555,0.00553712,2024-12-08T18:55:54.967834345-05:00
LTC-USD,135.26095437775,1,ask,136.0090212555,0.00553055,2024-12-08T18:56:56.136752002-05:00
LTC-USD,135.15916437775,1,ask,135.9066765,0.00553061,2024-12-08T18:57:56.299792873-05:00
LTC-USD,135.0200642555,1,ask,135.7677132555,0.00553732,2024-12-08T18:58:56.463360147-05:00
LTC-USD,135.0172641165,1,ask,135.750387233,0.00542985,2024-12-08T18:59:56.63983529-05:00
LTC-USD,135.0988884165,1,ask,135.834071833,0.00544182,2024-12-08T19:00:56.809982828-05:00
LTC-USD,134.94916437775,1,ask,135.695532,0.00553073,2024-12-08T19:01:56.988519704-05:00
LTC-USD,134.83095437775,1,ask,135.5766777555,0.0055308,2024-12-08T19:02:57.147241441-05:00
LTC-USD,134.48703584425,1,ask,135.228767933,0.00551527,2024-12-08T19:03:57.304837258-05:00
LTC-USD,134.56095437775,1,ask,135.3052062555,0.00553096,2024-12-08T19:04:57.461291104-05:00
LTC-USD,134.45151792545,1,ask,135.1957338509,0.0055352,2024-12-08T19:05:57.634177621-05:00
LTC-USD,134.316022,1,ask,135.052044,0.00547978,2024-12-08T19:06:57.788112224-05:00
LTC-USD,134.72419162775,1,ask,135.474333,0.00556798,2024-12-08T19:07:57.942512504-05:00
LTC-USD,134.44916437775,1,ask,135.192807,0.00553103,2024-12-08T19:08:58.112122757-05:00
LTC-USD,134.6507219248,1,ask,135.3870665941,0.00546855,2024-12-08T19:09:58.2915173-05:00
LTC-USD,134.55940934425,1,ask,135.293950933,0.00545886,2024-12-08T19:10:58.464639768-05:00
LTC-USD,134.44095437775,1,ask,135.1845522555,0.00553104,2024-12-08T19:11:58.643938557-05:00
LTC-USD,134.3043056165,1,ask,135.018611233,0.00531856,2024-12-08T19:12:58.795338366-05:00
LTC-USD,134.29175837775,1,ask,134.9935167555,0.00522563,2024-12-08T19:13:58.958099715-05:00
LTC-USD,134.33352299425,1,ask,135.070924733,0.00548934,2024-12-08T19:14:59.118175809-05:00
LTC-USD,134.14355412545,1,ask,134.8371082509,0.00517024,2024-12-08T19:15:59.279564216-05:00
LTC-USD,133.69598162775,1,ask,134.4405192555,0.00556889,2024-12-08T19:16:59.44724917-05:00
LTC-USD,134.0835354032,1,ask,134.8195870509,0.0054895,2024-12-08T19:17:59.613678202-05:00
LTC-USD,133.72916437775,1,ask,134.468883,0.00553147,2024-12-08T19:18:59.770823083-05:00
LTC-USD,133.62419162775,1,ask,134.368338,0.00556895,2024-12-08T19:19:59.944511531-05:00
LTC-USD,133.6629722353,1,ask,134.4061172151,0.00555984,2024-12-08T19:21:00.106411873-05:00
LTC-USD,133.9100642555,1,ask,134.6516637555,0.00553804,2024-12-08T19:22:00.26524783-05:00
LTC-USD,133.7100642555,1,ask,134.4505737555,0.00553817,2024-12-08T19:23:00.421729539-05:00
LTC-USD,133.6000642555,1,ask,134.3399742555,0.00553825,2024-12-08T19:24:00.566938167-05:00
LTC-USD,133.5885206032,1,ask,134.3168869509,0.00545231,2024-12-08T19:25:00.732749981-05:00
LTC-USD,133.40598162775,1,ask,134.1489387555,0.00556914,2024-12-08T19:26:00.900650888-05:00
LTC-USD,133.12419162775,1,ask,133.865613,0.0055694,2024-12-08T19:27:01.053760295-05:00
LTC-USD,133.02335212775,1,ask,133.7367042555,0.00536261,2024-12-08T19:28:01.209442503-05:00
LTC-USD,132.8592168032,1,ask,133.5843008509,0.00545754,2024-12-08T19:29:01.373193672-05:00
LTC-USD,132.89508175,1,ask,133.6343595,0.00556287,2024-12-08T19:30:01.525147138-05:00
LTC-USD,133.05916437775,1,ask,133.7952315,0.00553188,2024-12-08T19:31:01.680532859-05:00
LTC-USD,133.2600642555,1,ask,133.9981212555,0.00553847,2024-12-08T19:32:01.847452838-05:00
LTC-USD,132.95095437775,1,ask,133.6864317555,0.00553195,2024-12-08T19:33:02.018117014-05:00
LTC-USD,132.85095437775,1,ask,133.5858867555,0.00553201,2024-12-08T19:34:02.203324012-05:00
LTC-USD,132.25736534425,1,ask,132.997218933,0.00559404,2024-12-08T19:35:02.386991745-05:00
LTC-USD,132.2100642555,1,ask,132.9423987555,0.00553917,2024-12-08T19:36:02.551201219-05:00
LTC-USD,132.22114487775,1,ask,132.9222897555,0.00530282,2024-12-08T19:37:02.708128261-05:00
LTC-USD,132.4800642555,1,ask,133.2138702555,0.00553899,2024-12-08T19:38:02.879055269-05:00
LTC-USD,132.295463,1,ask,133.000926,0.00533248,2024-12-08T19:39:03.047600366-05:00
LTC-USD,131.91016387775,1,ask,132.5603277555,0.00492884,2024-12-08T19:40:03.218612008-05:00
LTC-USD,132.03068162775,1,ask,132.7513632555,0.00545844,2024-12-08T19:41:03.378507252-05:00
LTC-USD,131.80419162775,1,ask,132.538419,0.00557059,2024-12-08T19:42:03.529852173-05:00
LTC-USD,131.59095437775,1,ask,132.3190197555,0.00553279,2024-12-08T19:43:03.691439366-05:00
LTC-USD,131.55419162775,1,ask,132.2870565,0.00557082,2024-12-08T19:44:03.857683036-05:00
LTC-USD,131.79419162775,1,ask,132.5283645,0.0055706,2024-12-08T19:45:04.019957343-05:00
LTC-USD,132.49392772275,1,ask,133.23165169,0.00556798,2024-12-08T19:46:04.20197935-05:00
LTC-USD,132.35916437775,1,ask,133.0914165,0.00553231,2024-12-08T19:47:04.356106748-05:00
LTC-USD,132.39916437775,1,ask,133.1316345,0.00553229,2024-12-08T19:48:04.520210478-05:00
LTC-USD,132.67916437775,1,ask,133.4131605,0.00553211,2024-12-08T19:49:04.686680659-05:00
LTC-USD,132.57095437775,1,ask,133.3043607555,0.00553218,2024-12-08T19:50:04.850220876-05:00
LTC-USD,132.3800642555,1,ask,133.1133252555,0.00553906,2024-12-08T19:51:05.036124611-05:00
LTC-USD,132.36916437775,1,ask,133.101471,0.00553231,2024-12-08T19:52:05.201318828-05:00
LTC-USD,132.16095437775,1,ask,132.8921262555,0.00553243,2024-12-08T19:53:05.360794171-05:00
LTC-USD,131.95916437775,1,ask,132.6892365,0.00553256,2024-12-08T19:54:05.518326915-05:00
LTC-USD,131.8550915055,1,ask,132.5904912555,0.00557733,2024-12-08T19:55:05.673103525-05:00
LTC-USD,131.45048881775,1,ask,132.17910588,0.0055429,2024-12-08T19:56:05.833773484-05:00
LTC-USD,131.76095437775,1,ask,132.4899462555,0.00553269,2024-12-08T19:57:05.991001941-05:00
LTC-USD,131.78095437775,1,ask,132.5100552555,0.00553267,2024-12-08T19:58:06.139379887-05:00
LTC-USD,131.8400642555,1,ask,132.5703822555,0.00553942,2024-12-08T19:59:06.294044343-05:00
LTC-USD,131.97095437775,1,ask,132.7010907555,0.00553255,2024-12-08T20:00:06.452992476-05:00
LTC-USD,131.9300642555,1,ask,132.6608727555,0.00553936,2024-12-08T20:01:06.622031568-05:00
LTC-USD,131.8850915055,1,ask,132.6206547555,0.0055773,2024-12-08T20:02:06.777591561-05:00
LTC-USD,131.63916437775,1,ask,132.3674925,0.00553276,2024-12-08T20:03:06.979138548-05:00
LTC-USD,131.77288801275,1,ask,132.49570277,0.00548531,2024-12-08T20:04:07.130652158-05:00
LTC-USD,132.0600642555,1,ask,132.7915812555,0.00553927,2024-12-08T20:05:07.299450657-05:00
LTC-USD,132.07095437775,1,ask,132.8016357555,0.00553249,2024-12-08T20:06:07.461487019-05:00
LTC-USD,132.38413712775,1,ask,133.1115255,0.00549453,2024-12-08T20:07:07.620938627-05:00
LTC-USD,132.4137872474,1,ask,133.1434887555,0.00551077,2024-12-08T20:08:07.766893634-05:00
LTC-USD,132.5400642555,1,ask,133.2741972555,0.00553895,2024-12-08T20:09:07.925174847-05:00
LTC-USD,132.16095437775,1,ask,132.8921262555,0.00553243,2024-12-08T20:10:08.132534602-05:00
LTC-USD,131.98415815775,1,ask,132.71933306,0.00557018,2024-12-08T20:11:08.29398322-05:00
LTC-USD,131.8450915055,1,ask,132.5804367555,0.00557734,2024-12-08T20:12:08.471544894-05:00
LTC-USD,131.95100887775,1,ask,132.6910362555,0.00560835,2024-12-08T20:13:08.657084516-05:00
LTC-USD,132.10916437775,1,ask,132.840054,0.00553247,2024-12-08T20:14:08.807768659-05:00
LTC-USD,131.98916437775,1,ask,132.7194,0.00553254,2024-12-08T20:15:08.971933895-05:00
LTC-USD,132.12419162775,1,ask,132.860163,0.0055703,2024-12-08T20:16:09.11314993-05:00
LTC-USD,132.03598162775,1,ask,132.7714722555,0.00557038,2024-12-08T20:17:09.253844551-05:00
LTC-USD,131.9350915055,1,ask,132.6709272555,0.00557726,2024-12-08T20:18:09.412994863-05:00
LTC-USD,131.78815644275,1,ask,132.51629413,0.00552506,2024-12-08T20:19:09.570418011-05:00
LTC-USD,131.60302184275,1,ask,132.32504393,0.00548636,2024-12-08T20:20:09.740363979-05:00
LTC-USD,131.91193959275,1,ask,132.62462343,0.00540272,2024-12-08T20:21:09.894168054-05:00
LTC-USD,132.0000642555,1,ask,132.7312542555,0.00553932,2024-12-08T20:22:10.040104645-05:00
LTC-USD,132.01699283275,1,ask,132.74522041,0.00551617,2024-12-08T20:23:10.192030026-05:00
LTC-USD,132.01095437775,1,ask,132.7413087555,0.00553253,2024-12-08T20:24:10.345171609-05:00
LTC-USD,131.99801693275,1,ask,132.72715961,0.00552389,2024-12-08T20:25:10.516868813-05:00
LTC-USD,132.4577987474,1,ask,133.1837067555,0.0054803,2024-12-08T20:26:10.680847987-05:00
LTC-USD,132.37095437775,1,ask,133.1032707555,0.0055323,2024-12-08T20:27:11.847548927-05:00
LTC-USD,132.38916437775,1,ask,133.12158,0.00553229,2024-12-08T20:28:11.999093051-05:00
LTC-USD,132.71242062775,1,ask,133.42,0.00533167,2024-12-08T20:29:12.137461234-05:00
LTC-USD,132.85916437775,1,ask,133.5941415,0.005532,2024-12-08T20:30:12.267545179-05:00
LTC-USD,132.76095437775,1,ask,133.4953962555,0.00553206,2024-12-08T20:31:12.423028565-05:00
LTC-USD,132.9100642555,1,ask,133.6462137555,0.0055387,2024-12-08T20:32:12.570205382-05:00
LTC-USD,132.7100642555,1,ask,133.4451237555,0.00553884,2024-12-08T20:33:12.720138629-05:00
LTC-USD,132.7600642555,1,ask,133.4953962555,0.0055388,2024-12-08T20:34:12.876923169-05:00
LTC-USD,132.73095437775,1,ask,133.4652327555,0.00553208,2024-12-08T20:35:13.036585692-05:00
LTC-USD,132.26095437775,1,ask,132.9926712555,0.00553237,2024-12-08T20:36:13.419965531-05:00
LTC-USD,132.0400642555,1,ask,132.7714722555,0.00553929,2024-12-08T20:37:13.588080993-05:00
LTC-USD,132.0500642555,1,ask,132.7815267555,0.00553928,2024-12-08T20:38:13.736303767-05:00
LTC-USD,132.02419162775,1,ask,132.759618,0.00557039,2024-12-08T20:39:13.886133064-05:00
LTC-USD,132.1050915055,1,ask,132.8418537555,0.00557709,2024-12-08T20:40:14.048411321-05:00
LTC-USD,132.0500642555,1,ask,132.7815267555,0.00553928,2024-12-08T20:41:14.202955454-05:00
LTC-USD,131.9750915055,1,ask,132.7111452555,0.00557722,2024-12-08T20:42:14.355231344-05:00
LTC-USD,131.76095437775,1,ask,132.4899462555,0.00553269,2024-12-08T20:43:14.498371713-05:00
LTC-USD,131.64095437775,1,ask,132.3692922555,0.00553276,2024-12-08T20:44:14.646576516-05:00
LTC-USD,131.74598162775,1,ask,132.4798917555,0.00557065,2024-12-08T20:45:14.787888586-05:00
LTC-USD,131.4900642555,1,ask,132.2184747555,0.00553966,2024-12-08T20:46:14.950448563-05:00
LTC-USD,131.44397268035,1,ask,132.1742388607,0.00555572,2024-12-08T20:47:15.102729882-05:00
LTC-USD,131.21819608275,1,ask,131.94326691,0.00552569,2024-12-08T20:48:15.253745221-05:00
LTC-USD,131.2200642555,1,ask,131.9470032555,0.00553985,2024-12-08T20:49:15.410133172-05:00
LTC-USD,131.2400642555,1,ask,131.9671122555,0.00553983,2024-12-08T20:50:15.573001275-05:00
LTC-USD,131.37470143775,1,ask,132.10709512,0.00557485,2024-12-08T20:51:15.719661048-05:00
LTC-USD,131.46095437775,1,ask,132.1883112555,0.00553287,2024-12-08T20:52:15.882771966-05:00
LTC-USD,131.44765796275,1,ask,132.17344417,0.00552148,2024-12-08T20:53:16.016355793-05:00
LTC-USD,131.15314930275,1,ask,131.88279185,0.00556329,2024-12-08T20:54:16.16706967-05:00
LTC-USD,131.32916437775,1,ask,132.055803,0.00553296,2024-12-08T20:55:16.333700144-05:00
LTC-USD,131.05598162775,1,ask,131.7861312555,0.00557128,2024-12-08T20:56:16.518086704-05:00
LTC-USD,131.1200642555,1,ask,131.8464582555,0.00553991,2024-12-08T20:57:16.674289128-05:00
LTC-USD,131.25916437775,1,ask,131.9854215,0.005533,2024-12-08T20:58:16.831829318-05:00
LTC-USD,131.29916437775,1,ask,132.0256395,0.00553298,2024-12-08T20:59:16.972811783-05:00
LTC-USD,131.1600545,1,ask,131.8848765,0.00552624,2024-12-08T21:00:17.126998084-05:00
LTC-USD,131.08598162775,1,ask,131.8162947555,0.00557125,2024-12-08T21:01:17.284441661-05:00
LTC-USD,131.1950915055,1,ask,131.9268942555,0.00557797,2024-12-08T21:02:17.441993207-05:00
LTC-USD,131.12592712775,1,ask,131.8464582555,0.00549496,2024-12-08T21:03:17.603723452-05:00
LTC-USD,131.08312012775,1,ask,131.8062402555,0.0055165,2024-12-08T21:04:17.767134231-05:00
LTC-USD,130.87419162775,1,ask,131.6033505,0.00557145,2024-12-08T21:05:17.921520116-05:00
LTC-USD,130.79916437775,1,ask,131.5229145,0.00553329,2024-12-08T21:06:19.085354438-05:00
LTC-USD,131.54916437775,1,ask,132.277002,0.00553282,2024-12-08T21:07:19.261150302-05:00
LTC-USD,131.56095437775,1,ask,132.2888562555,0.00553281,2024-12-08T21:08:19.435188981-05:00
LTC-USD,131.79003671705,1,ask,132.5200546786,0.00553925,2024-12-08T21:09:19.590860209-05:00
LTC-USD,131.63916437775,1,ask,132.3674925,0.00553276,2024-12-08T21:10:19.767956512-05:00
LTC-USD,131.92508175,1,ask,132.659073,0.0055637,2024-12-08T21:11:19.92188018-05:00
LTC-USD,131.85095437775,1,ask,132.5804367555,0.00553263,2024-12-08T21:12:20.087138113-05:00
LTC-USD,131.8877417081,1,ask,132.6160096607,0.00552188,2024-12-08T21:13:20.252289409-05:00
LTC-USD,131.76095437775,1,ask,132.4899462555,0.00553269,2024-12-08T21:14:20.405004694-05:00
LTC-USD,131.6000642555,1,ask,132.3290742555,0.00553959,2024-12-08T21:15:20.564476851-05:00
LTC-USD,131.61384665775,1,ask,132.33674806,0.00549259,2024-12-08T21:16:20.731922005-05:00
LTC-USD,131.78296843035,1,ask,132.5140833607,0.00554787,2024-12-08T21:17:20.887111336-05:00
LTC-USD,131.64916437775,1,ask,132.377547,0.00553276,2024-12-08T21:18:21.063540611-05:00
LTC-USD,131.56210188035,1,ask,132.2911512607,0.00554148,2024-12-08T21:19:21.215205196-05:00
LTC-USD,131.22888549275,1,ask,131.95470023,0.00553091,2024-12-08T21:20:21.38476358-05:00
LTC-USD,131.49769771705,1,ask,132.2138506786,0.00544613,2024-12-08T21:21:21.54134149-05:00
LTC-USD,131.44508175,1,ask,132.176457,0.00556411,2024-12-08T21:22:21.705633009-05:00
LTC-USD,131.27419162775,1,ask,132.0055305,0.00557108,2024-12-08T21:23:21.860871332-05:00
LTC-USD,131.16095437775,1,ask,131.8866762555,0.00553306,2024-12-08T21:24:22.021835623-05:00
LTC-USD,130.94598162775,1,ask,131.6755317555,0.00557138,2024-12-08T21:25:22.180614113-05:00
LTC-USD,130.92598162775,1,ask,131.6554227555,0.0055714,2024-12-08T21:26:22.337056353-05:00
LTC-USD,130.79095437775,1,ask,131.5146597555,0.0055333,2024-12-08T21:27:22.5220618-05:00
LTC-USD,130.83095437775,1,ask,131.5548777555,0.00553327,2024-12-08T21:28:22.683160092-05:00
LTC-USD,130.95095437775,1,ask,131.6755317555,0.0055332,2024-12-08T21:29:22.845259165-05:00
LTC-USD,131.03433189775,1,ask,131.75455754,0.00549647,2024-12-08T21:30:23.003502917-05:00
LTC-USD,131.27598162775,1,ask,132.0073302555,0.00557108,2024-12-08T21:31:23.172796624-05:00
LTC-USD,131.2300642555,1,ask,131.9570577555,0.00553984,2024-12-08T21:32:23.33241214-05:00
LTC-USD,131.14921981775,1,ask,131.87493288,0.00553349,2024-12-08T21:33:23.505234358-05:00
LTC-USD,131.14882077775,1,ask,131.8741348,0.00553047,2024-12-08T21:34:23.679477687-05:00
LTC-USD,131.0600642555,1,ask,131.7861312555,0.00553996,2024-12-08T21:35:23.847631093-05:00
LTC-USD,131.07916437775,1,ask,131.8044405,0.00553312,2024-12-08T21:36:24.007177164-05:00
LTC-USD,131.00508175,1,ask,131.734059,0.0055645,2024-12-08T21:37:24.16470723-05:00
LTC-USD,130.7900642555,1,ask,131.5146597555,0.00554014,2024-12-08T21:38:24.322916571-05:00
LTC-USD,130.68203012775,1,ask,131.4040602555,0.00552509,2024-12-08T21:39:24.476217574-05:00
LTC-USD,130.53095437775,1,ask,131.2532427555,0.00553346,2024-12-08T21:40:24.656815823-05:00
LTC-USD,130.59916437775,1,ask,131.3218245,0.00553342,2024-12-08T21:41:24.814192891-05:00
LTC-USD,130.50871431275,1,ask,131.23043387,0.00553005,2024-12-08T21:42:24.964815274-05:00
LTC-USD,130.69095437775,1,ask,131.4141147555,0.00553336,2024-12-08T21:43:25.133686891-05:00
LTC-USD,130.65916437775,1,ask,131.3821515,0.00553338,2024-12-08T21:44:25.293971264-05:00
LTC-USD,130.46419162775,1,ask,131.191116,0.00557183,2024-12-08T21:45:25.441598951-05:00
LTC-USD,130.5300642555,1,ask,131.2532427555,0.00554032,2024-12-08T21:46:25.604234273-05:00
LTC-USD,130.60095437775,1,ask,131.3236242555,0.00553342,2024-12-08T21:47:25.791509207-05:00
LTC-USD,130.45916437775,1,ask,131.1810615,0.00553351,2024-12-08T21:48:25.964804479-05:00
LTC-USD,130.37916437775,1,ask,131.1006255,0.00553356,2024-12-08T21:49:26.111789774-05:00
LTC-USD,130.30916437775,1,ask,131.030244,0.00553361,2024-12-08T21:50:26.26486321-05:00
LTC-USD,130.43095437775,1,ask,131.1526977555,0.00553353,2024-12-08T21:51:26.407738204-05:00
LTC-USD,130.71508175,1,ask,131.4424785,0.00556475,2024-12-08T21:52:26.559273346-05:00
LTC-USD,130.86419162775,1,ask,131.593296,0.00557146,2024-12-08T21:53:26.930993251-05:00
LTC-USD,131.07916437775,1,ask,131.8044405,0.00553312,2024-12-08T21:54:27.093771505-05:00
LTC-USD,130.9500642555,1,ask,131.6755317555,0.00554003,2024-12-08T21:55:27.248565279-05:00
LTC-USD,130.98304638275,1,ask,131.70171401,0.00548672,2024-12-08T21:56:27.410733015-05:00
LTC-USD,130.88568215,1,ask,131.6146058,0.00556916,2024-12-08T21:57:27.568714927-05:00
LTC-USD,131.00095437775,1,ask,131.7258042555,0.00553316,2024-12-08T21:58:27.735056967-05:00
LTC-USD,131.07095437775,1,ask,131.7961857555,0.00553312,2024-12-08T21:59:27.901311838-05:00
LTC-USD,130.97409545775,1,ask,131.69375766,0.00549469,2024-12-08T22:00:28.05624995-05:00
LTC-USD,131.16631962275,1,ask,131.87929599,0.00543567,2024-12-08T22:01:28.205892217-05:00
LTC-USD,131.2300642555,1,ask,131.9570577555,0.00553984,2024-12-08T22:02:28.36320036-05:00
LTC-USD,131.3400642555,1,ask,132.0676572555,0.00553976,2024-12-08T22:03:28.517386822-05:00
LTC-USD,131.63419162775,1,ask,132.3674925,0.00557075,2024-12-08T22:04:28.667031745-05:00
LTC-USD,131.5769129581,1,ask,132.3026626607,0.00551578,2024-12-08T22:05:28.819513144-05:00
LTC-USD,131.5686283081,1,ask,132.2960388607,0.00552875,2024-12-08T22:06:28.975290916-05:00
LTC-USD,131.5300642555,1,ask,132.2586927555,0.00553963,2024-12-08T22:07:29.133989637-05:00
LTC-USD,131.51669311275,1,ask,132.24189597,0.00551415,2024-12-08T22:08:29.279106953-05:00
LTC-USD,131.59916437775,1,ask,132.3272745,0.00553279,2024-12-08T22:09:29.433574896-05:00
LTC-USD,131.48095437775,1,ask,132.2084202555,0.00553286,2024-12-08T22:10:29.607439556-05:00
LTC-USD,131.45916437775,1,ask,132.1865115,0.00553287,2024-12-08T22:11:29.774301295-05:00
LTC-USD,131.50916437775,1,ask,132.236784,0.00553284,2024-12-08T22:12:29.938269719-05:00
LTC-USD,131.45095437775,1,ask,132.1782567555,0.00553288,2024-12-08T22:13:30.052848122-05:00
LTC-USD,131.46095437775,1,ask,132.1883112555,0.00553287,2024-12-08T22:14:30.220921057-05:00
LTC-USD,131.55095437775,1,ask,132.2788017555,0.00553282,2024-12-08T22:15:30.38479446-05:00
LTC-USD,131.48926616275,1,ask,132.21687857,0.00553363,2024-12-08T22:16:30.554344963-05:00
LTC-USD,131.37806460275,1,ask,132.10387595,0.0055246,2024-12-08T22:17:30.696261333-05:00
LTC-USD,131.486717,1,ask,132.21,0.00550081,2024-12-08T22:18:30.848564661-05:00
LTC-USD,131.4700642555,1,ask,132.1983657555,0.00553968,2024-12-08T22:19:31.003627717-05:00
LTC-USD,131.29598162775,1,ask,132.0274392555,0.00557106,2024-12-08T22:20:31.149031463-05:00
LTC-USD,131.43987929275,1,ask,132.16783233,0.0055383,2024-12-08T22:21:31.297162873-05:00
LTC-USD,131.03095437775,1,ask,131.7559677555,0.00553315,2024-12-08T22:22:31.442146131-05:00
LTC-USD,131.000773735,1,ask,131.72544297,0.00553179,2024-12-08T22:23:31.606798421-05:00
LTC-USD,130.8900642555,1,ask,131.6152047555,0.00554007,2024-12-08T22:24:31.7708786-05:00
LTC-USD,130.62186662775,1,ask,131.3437332555,0.00552638,2024-12-08T22:25:31.943163794-05:00
LTC-USD,130.83095437775,1,ask,131.5548777555,0.00553327,2024-12-08T22:26:33.112150094-05:00
LTC-USD,130.85419162775,1,ask,131.5832415,0.00557147,2024-12-08T22:27:33.264465421-05:00
LTC-USD,130.97095437775,1,ask,131.6956407555,0.00553318,2024-12-08T22:28:33.4137779-05:00
LTC-USD,130.96095437775,1,ask,131.6855862555,0.00553319,2024-12-08T22:29:33.628444898-05:00
LTC-USD,130.9500642555,1,ask,131.6755317555,0.00554003,2024-12-08T22:30:33.793194173-05:00
LTC-USD,130.84095437775,1,ask,131.5649322555,0.00553327,2024-12-08T22:31:33.951118983-05:00
LTC-USD,130.9400642555,1,ask,131.6654772555,0.00554004,2024-12-08T22:32:34.103280475-05:00
LTC-USD,130.83916437775,1,ask,131.5631325,0.00553327,2024-12-08T22:33:34.313139832-05:00
LTC-USD,130.67095437775,1,ask,131.3940057555,0.00553337,2024-12-08T22:34:34.471534207-05:00
LTC-USD,130.6600642555,1,ask,131.3839512555,0.00554023,2024-12-08T22:35:34.60390202-05:00
LTC-USD,130.51508175,1,ask,131.2413885,0.00556493,2024-12-08T22:36:34.75019266-05:00
LTC-USD,130.46095437775,1,ask,131.1828612555,0.00553351,2024-12-08T22:37:34.925367073-05:00
LTC-USD,130.2600642555,1,ask,130.9817712555,0.00554051,2024-12-08T22:38:35.078462093-05:00
LTC-USD,130.2186570081,1,ask,130.9387387607,0.00552979,2024-12-08T22:39:35.237474985-05:00
LTC-USD,129.57598162775,1,ask,130.2980652555,0.00557267,2024-12-08T22:40:35.394346798-05:00
LTC-USD,129.79123125675,1,ask,130.5176124,0.00559653,2024-12-08T22:41:35.553503507-05:00
LTC-USD,129.72598162775,1,ask,130.4488827555,0.00557252,2024-12-08T22:42:35.745496024-05:00
LTC-USD,129.59095437775,1,ask,130.3081197555,0.00553407,2024-12-08T22:43:35.90956733-05:00
LTC-USD,129.7300642555,1,ask,130.4488827555,0.00554088,2024-12-08T22:44:36.069447414-05:00
LTC-USD,129.12385008035,1,ask,129.8413496607,0.00555668,2024-12-08T22:45:36.229941135-05:00
LTC-USD,129.57550142,1,ask,130.29710484,0.00556898,2024-12-08T22:46:36.372176128-05:00
LTC-USD,129.17095437775,1,ask,129.8858307555,0.00553434,2024-12-08T22:47:36.552460874-05:00
LTC-USD,128.944796965,1,ask,129.66226243,0.00556413,2024-12-08T22:48:36.699414045-05:00
LTC-USD,128.94095437775,1,ask,129.6545772555,0.00553449,2024-12-08T22:49:36.848514957-05:00
LTC-USD,128.85826014775,1,ask,129.57053304,0.00552757,2024-12-08T22:50:37.004230068-05:00
LTC-USD,128.84095437775,1,ask,129.5540322555,0.00553456,2024-12-08T22:51:37.164130697-05:00
LTC-USD,128.836594595,1,ask,129.56113519,0.00562372,2024-12-08T22:52:37.32410918-05:00
LTC-USD,128.83508175,1,ask,129.5522325,0.00556642,2024-12-08T22:53:37.477675315-05:00
LTC-USD,128.54312433775,1,ask,129.22868092,0.00533328,2024-12-08T22:54:37.638944717-05:00
LTC-USD,129.01028623775,1,ask,129.71545722,0.00546601,2024-12-08T22:55:37.79432511-05:00
LTC-USD,129.03405112275,1,ask,129.74309599,0.00549502,2024-12-08T22:56:37.957442593-05:00
LTC-USD,129.27089483775,1,ask,129.97809142,0.00547066,2024-12-08T22:57:38.107050437-05:00
LTC-USD,129.3600642555,1,ask,130.0768662555,0.00554114,2024-12-08T22:58:38.25430129-05:00
LTC-USD,129.65739676775,1,ask,130.37316628,0.00552047,2024-12-08T22:59:38.403553551-05:00
LTC-USD,129.67914468,1,ask,130.39499086,0.00552013,2024-12-08T23:00:38.55442092-05:00
LTC-USD,129.62646616275,1,ask,130.33119607,0.00543662,2024-12-08T23:01:38.721193785-05:00
LTC-USD,129.83598162775,1,ask,130.5594822555,0.00557242,2024-12-08T23:02:38.87050888-05:00
LTC-USD,130.04916437775,1,ask,130.768827,0.00553377,2024-12-08T23:03:39.032355466-05:00
LTC-USD,130.07627208775,1,ask,130.79320592,0.00551164,2024-12-08T23:04:39.205050241-05:00
LTC-USD,129.95673531275,1,ask,130.67347837,0.00551524,2024-12-08T23:05:39.341949028-05:00
LTC-USD,130.08419162775,1,ask,130.809045,0.00557219,2024-12-08T23:06:39.494977317-05:00
LTC-USD,130.2138767,1,ask,130.9273979,0.00547961,2024-12-08T23:07:39.653544632-05:00
LTC-USD,130.28951403035,1,ask,131.0090540607,0.00552262,2024-12-08T23:08:39.820346604-05:00
LTC-USD,130.29095437775,1,ask,131.0119347555,0.00553362,2024-12-08T23:09:39.974967668-05:00
LTC-USD,130.34285359275,1,ask,131.05784043,0.00548543,2024-12-08T23:10:40.119883376-05:00
LTC-USD,130.19095437775,1,ask,130.9113897555,0.00553368,2024-12-08T23:11:40.271008295-05:00
LTC-USD,130.1500642555,1,ask,130.8711717555,0.00554059,2024-12-08T23:12:40.380112689-05:00
LTC-USD,130.14104945,1,ask,130.8513619,0.00545802,2024-12-08T23:13:40.53815938-05:00
LTC-USD,130.28118929275,1,ask,130.99418483,0.00547274,2024-12-08T23:14:40.7030566-05:00
LTC-USD,130.2500642555,1,ask,130.9717167555,0.00554052,2024-12-08T23:15:40.842265423-05:00
LTC-USD,130.22095437775,1,ask,130.9415532555,0.00553366,2024-12-08T23:16:40.984048053-05:00
LTC-USD,130.25095437775,1,ask,130.9717167555,0.00553364,2024-12-08T23:17:41.130837648-05:00
LTC-USD,130.06095437775,1,ask,130.7806812555,0.00553377,2024-12-08T23:18:41.282401511-05:00
LTC-USD,129.85355164275,1,ask,130.56656603,0.00549091,2024-12-08T23:19:41.440455427-05:00
LTC-USD,129.74095437775,1,ask,130.4589372555,0.00553397,2024-12-08T23:20:41.596186971-05:00
LTC-USD,129.46004296275,1,ask,130.16742317,0.00546408,2024-12-08T23:21:41.748114505-05:00
LTC-USD,129.3300642555,1,ask,130.0467027555,0.00554116,2024-12-08T23:22:41.919578856-05:00
LTC-USD,129.36657662775,1,ask,130.07,0.00543744,2024-12-08T23:23:42.073829058-05:00
LTC-USD,129.163039,1,ask,129.87,0.0054734,2024-12-08T23:24:42.208606897-05:00
LTC-USD,129.12683839,1,ask,129.83738078,0.00550267,2024-12-08T23:25:42.353264534-05:00
LTC-USD,129.01555156,1,ask,129.72420762,0.0054928,2024-12-08T23:26:42.524206964-05:00
LTC-USD,129.55100437775,1,ask,130.23,0.00524115,2024-12-08T23:27:42.677923544-05:00
LTC-USD,129.61815056275,1,ask,130.31456487,0.00537281,2024-12-08T23:28:42.834963496-05:00
LTC-USD,129.87056279275,1,ask,130.57075183,0.00539144,2024-12-08T23:29:42.97603751-05:00
LTC-USD,129.862808305,1,ask,130.58329911,0.00554809,2024-12-08T23:30:43.136389607-05:00
LTC-USD,129.81814624775,1,ask,130.52559174,0.00544951,2024-12-08T23:31:43.536626535-05:00
LTC-USD,129.93336218775,1,ask,130.64662312,0.00548944,2024-12-08T23:32:43.685076474-05:00
LTC-USD,129.84187332275,1,ask,130.55315489,0.00547806,2024-12-08T23:33:43.848900807-05:00
LTC-USD,129.89860670775,1,ask,130.60694866,0.00545304,2024-12-08T23:34:44.022533655-05:00
LTC-USD,129.98903453775,1,ask,130.69829482,0.00545631,2024-12-08T23:35:44.177746597-05:00
LTC-USD,130.14248885775,1,ask,130.85602096,0.0054827,2024-12-08T23:36:44.317462481-05:00
LTC-USD,130.140950285,1,ask,130.86110907,0.00553368,2024-12-08T23:37:44.473034103-05:00
LTC-USD,130.03449913275,1,ask,130.74944201,0.0054981,2024-12-08T23:38:44.610368334-05:00
LTC-USD,130.1030083,1,ask,130.8150616,0.005473,2024-12-08T23:39:44.777848405-05:00
LTC-USD,130.18555397775,1,ask,130.9023692,0.0055061,2024-12-08T23:40:44.922236424-05:00
LTC-USD,130.099347355,1,ask,130.81768521,0.00552146,2024-12-08T23:41:45.103740771-05:00
LTC-USD,129.94947159775,1,ask,130.65895094,0.00545966,2024-12-08T23:42:45.284452625-05:00
LTC-USD,129.91239634775,1,ask,130.63452794,0.0055586,2024-12-08T23:43:45.437392473-05:00
LTC-USD,130.03598162775,1,ask,130.7605722555,0.00557223,2024-12-08T23:44:45.589887202-05:00
LTC-USD,130.03095437775,1,ask,130.7505177555,0.00553379,2024-12-08T23:45:45.748073391-05:00
LTC-USD,130.03095437775,1,ask,130.7505177555,0.00553379,2024-12-08T23:46:45.905805026-05:00
LTC-USD,129.9050915055,1,ask,130.6298637555,0.00557924,2024-12-08T23:47:46.043273646-05:00
LTC-USD,129.92916437775,1,ask,130.648173,0.00553385,2024-12-08T23:48:46.191622383-05:00
LTC-USD,129.91095437775,1,ask,130.6298637555,0.00553386,2024-12-08T23:49:46.344842085-05:00
LTC-USD,129.99095437775,1,ask,130.7102997555,0.00553381,2024-12-08T23:50:46.496695877-05:00
LTC-USD,130.0700642555,1,ask,130.7907357555,0.00554064,2024-12-08T23:51:46.647358564-05:00
LTC-USD,130.09458737775,1,ask,130.8,0.00542231,2024-12-08T23:52:46.805796657-05:00
LTC-USD,130.085532,1,ask,130.8,0.00549229,2024-12-08T23:53:46.9685052-05:00
LTC-USD,130.0985257581,1,ask,130.8178222607,0.00552886,2024-12-08T23:54:47.099241458-05:00
LTC-USD,130.05095437775,1,ask,130.7706267555,0.00553377,2024-12-08T23:55:47.244134353-05:00
LTC-USD,130.0740429081,1,ask,130.7887475607,0.0054946,2024-12-08T23:56:47.403075009-05:00
LTC-USD,130.3795113581,1,ask,131.0913739607,0.00545993,2024-12-08T23:57:47.543698442-05:00
LTC-USD,130.4100642555,1,ask,131.1325887555,0.0055404,2024-12-08T23:58:47.697758481-05:00
LTC-USD,130.60322487775,1,ask,131.32,0.00548819,2024-12-08T23:59:47.870234914-05:00
LTC-USD,130.51095437775,1,ask,131.2331337555,0.00553348,2024-12-09T00:00:48.00984142-05:00
LTC-USD,130.454574095,1,ask,131.18004619,0.00556111,2024-12-09T00:01:48.158026623-05:00
LTC-USD,130.39379982275,1,ask,131.11995089,0.00556891,2024-12-09T00:02:48.313471243-05:00
LTC-USD,130.68263086275,1,ask,131.39924797,0.00548364,2024-12-09T00:03:48.471781159-05:00
LTC-USD,130.5635904081,1,ask,131.2805130607,0.00549098,2024-12-09T00:04:48.654262121-05:00
LTC-USD,130.5659938081,1,ask,131.2753743607,0.00543312,2024-12-09T00:05:48.799794235-05:00
LTC-USD,130.5990614081,1,ask,131.3216185607,0.00553264,2024-12-09T00:06:48.974785674-05:00
LTC-USD,130.5900642555,1,ask,131.3135697555,0.00554028,2024-12-09T00:07:49.113124009-05:00
LTC-USD,130.71089423775,1,ask,131.43588372,0.00554651,2024-12-09T00:08:49.249027289-05:00
LTC-USD,130.75635580275,1,ask,131.46713385,0.0054359,2024-12-09T00:09:49.402175062-05:00
LTC-USD,130.85285453275,1,ask,131.57062181,0.0054853,2024-12-09T00:10:49.553913984-05:00
LTC-USD,130.80095437775,1,ask,131.5247142555,0.00553329,2024-12-09T00:11:49.739280626-05:00
LTC-USD,130.83095437775,1,ask,131.5548777555,0.00553327,2024-12-09T00:12:49.879502467-05:00
LTC-USD,130.797716125,1,ask,131.51823775,0.00550867,2024-12-09T00:13:50.02354963-05:00
LTC-USD,130.7000642555,1,ask,131.4241692555,0.0055402,2024-12-09T00:14:50.170465698-05:00
LTC-USD,130.76354223275,1,ask,131.48150671,0.00549056,2024-12-09T00:15:50.324623824-05:00
LTC-USD,130.60971544775,1,ask,131.33298114,0.00553761,2024-12-09T00:16:50.479948507-05:00
LTC-USD,130.65713625275,1,ask,131.37809525,0.00551795,2024-12-09T00:17:50.627455346-05:00
LTC-USD,130.733963445,1,ask,131.45040539,0.00548015,2024-12-09T00:18:50.805609976-05:00
LTC-USD,130.74740601275,1,ask,131.45917977,0.00544388,2024-12-09T00:19:50.94928531-05:00
LTC-USD,130.58095437775,1,ask,131.3035152555,0.00553343,2024-12-09T00:20:51.084753835-05:00
LTC-USD,130.51708065275,1,ask,131.22727555,0.00544139,2024-12-09T00:21:51.210349812-05:00
LTC-USD,130.65386772775,1,ask,131.3616127,0.00541695,2024-12-09T00:22:51.363843529-05:00
LTC-USD,130.55382543775,1,ask,131.26098312,0.0054166,2024-12-09T00:23:51.505997522-05:00
LTC-USD,130.57260217275,1,ask,131.28859109,0.00548345,2024-12-09T00:24:51.647716185-05:00
LTC-USD,130.56641232,1,ask,131.28437664,0.00549884,2024-12-09T00:25:51.791999641-05:00
LTC-USD,130.64515428775,1,ask,131.36407682,0.00550286,2024-12-09T00:26:51.920291707-05:00
LTC-USD,130.58428973775,1,ask,131.30202072,0.0054963,2024-12-09T00:27:52.083012539-05:00
LTC-USD,130.68155249775,1,ask,131.39709124,0.00547544,2024-12-09T00:28:52.238412474-05:00
LTC-USD,130.73845858275,1,ask,131.45123041,0.00545189,2024-12-09T00:29:52.386893719-05:00
LTC-USD,130.71218899275,1,ask,131.42852773,0.00548027,2024-12-09T00:30:52.519062961-05:00
LTC-USD,130.76440908775,1,ask,131.48324042,0.00549715,2024-12-09T00:31:52.659019625-05:00
LTC-USD,130.6600642555,1,ask,131.3839512555,0.00554023,2024-12-09T00:32:52.756682856-05:00
LTC-USD,130.833835395,1,ask,131.55069429,0.00547916,2024-12-09T00:33:52.917229077-05:00
LTC-USD,130.88095437775,1,ask,131.6051502555,0.00553324,2024-12-09T00:34:53.06165016-05:00
LTC-USD,130.85095437775,1,ask,131.5749867555,0.00553326,2024-12-09T00:35:53.210623277-05:00
LTC-USD,130.72672207275,1,ask,131.44764839,0.00551476,2024-12-09T00:36:53.352900778-05:00
LTC-USD,130.83349053275,1,ask,131.54183931,0.00541412,2024-12-09T00:37:53.528844356-05:00
LTC-USD,130.87173693035,1,ask,131.5966608607,0.00553919,2024-12-09T00:38:53.686045138-05:00
LTC-USD,130.64537218,1,ask,131.35278686,0.00541477,2024-12-09T00:39:53.850670897-05:00
LTC-USD,130.54384701,1,ask,131.25913702,0.00547931,2024-12-09T00:40:54.010046027-05:00
LTC-USD,130.42194788035,1,ask,131.1338957607,0.0054588,2024-12-09T00:41:54.164717992-05:00
LTC-USD,130.47313184275,1,ask,131.17915993,0.00541129,2024-12-09T00:42:54.314320354-05:00
LTC-USD,130.56100930775,1,ask,131.27535086,0.00547132,2024-12-09T00:43:54.464007865-05:00
LTC-USD,130.68994630275,1,ask,131.40393335,0.00546321,2024-12-09T00:44:54.607986592-05:00
LTC-USD,130.74679255275,1,ask,131.46789835,0.00551528,2024-12-09T00:45:54.987946601-05:00
LTC-USD,130.79916437775,1,ask,131.5229145,0.00553329,2024-12-09T00:46:55.144064317-05:00
LTC-USD,130.92637241275,1,ask,131.64803907,0.005512,2024-12-09T00:47:55.29303703-05:00
LTC-USD,131.06916437775,1,ask,131.794386,0.00553312,2024-12-09T00:48:55.434219137-05:00
LTC-USD,131.120301005,1,ask,131.84515151,0.00552813,2024-12-09T00:49:55.632490508-05:00
LTC-USD,131.04095437775,1,ask,131.7660222555,0.00553314,2024-12-09T00:50:55.813705315-05:00
LTC-USD,130.84241722,1,ask,131.56785794,0.00554438,2024-12-09T00:51:55.991979842-05:00
LTC-USD,130.79428192275,1,ask,131.50320409,0.00542013,2024-12-09T00:52:56.146050342-05:00
LTC-USD,130.81472771,1,ask,131.53236992,0.00548594,2024-12-09T00:53:56.309718436-05:00
LTC-USD,130.80916437775,1,ask,131.532969,0.00553329,2024-12-09T00:54:56.464429379-05:00
LTC-USD,130.67954705775,1,ask,131.40302586,0.00553628,2024-12-09T00:55:56.620881357-05:00
LTC-USD,130.55771989275,1,ask,131.27871753,0.00552244,2024-12-09T00:56:56.779024236-05:00
LTC-USD,130.51678982275,1,ask,131.22669389,0.00543918,2024-12-09T00:57:56.935146556-05:00
LTC-USD,130.52264725775,1,ask,131.23840876,0.00548381,2024-12-09T00:58:57.08016168-05:00
LTC-USD,130.652491695,1,ask,131.35708039,0.00539285,2024-12-09T00:59:57.213789652-05:00
LTC-USD,130.56095437775,1,ask,131.2834062555,0.00553345,2024-12-09T01:00:57.35541019-05:00
LTC-USD,130.50175473035,1,ask,131.2147344607,0.00546337,2024-12-09T01:01:57.505207444-05:00
LTC-USD,130.35296148775,1,ask,131.06811072,0.00548625,2024-12-09T01:02:57.669196864-05:00
LTC-USD,130.4447491,1,ask,131.1603962,0.00548621,2024-12-09T01:03:57.822445923-05:00
LTC-USD,130.45590763,1,ask,131.17276776,0.00549504,2024-12-09T01:04:58.005973787-05:00
LTC-USD,130.222366415,1,ask,130.91473283,0.0053168,2024-12-09T01:05:58.15609638-05:00
LTC-USD,130.178924585,1,ask,130.84784917,0.0051385,2024-12-09T01:06:58.304587787-05:00
LTC-USD,129.81364764775,1,ask,130.51659454,0.00541505,2024-12-09T01:07:58.441488325-05:00
LTC-USD,129.894301345,1,ask,130.60650319,0.00548293,2024-12-09T01:08:58.589463825-05:00
LTC-USD,129.69647904775,1,ask,130.40160334,0.00543673,2024-12-09T01:09:58.734208509-05:00
LTC-USD,129.5700642555,1,ask,130.2880107555,0.00554099,2024-12-09T01:10:58.887384001-05:00
LTC-USD,129.52878737775,1,ask,130.2075747555,0.00524044,2024-12-09T01:11:59.039644556-05:00
LTC-USD,129.55524878,1,ask,130.26049756,0.00544361,2024-12-09T01:12:59.192322893-05:00
LTC-USD,129.72099208775,1,ask,130.42079292,0.00539466,2024-12-09T01:13:59.346392171-05:00
LTC-USD,129.61374952,1,ask,130.33381904,0.0055555,2024-12-09T01:14:59.504353721-05:00
LTC-USD,129.61095437775,1,ask,130.3282287555,0.00553406,2024-12-09T01:15:59.659245609-05:00
LTC-USD,129.675967085,1,ask,130.38863567,0.00549576,2024-12-09T01:16:59.822408798-05:00
LTC-USD,129.51878737775,1,ask,130.2075747555,0.00531805,2024-12-09T01:17:59.9904881-05:00
LTC-USD,129.2700642555,1,ask,129.9863757555,0.0055412,2024-12-09T01:19:00.136459404-05:00
LTC-USD,129.09921752775,1,ask,129.8137558,0.0055348,2024-12-09T01:20:00.251318079-05:00
LTC-USD,129.41415734775,1,ask,130.11543394,0.00541886,2024-12-09T01:21:00.402224278-05:00
LTC-USD,129.07095437775,1,ask,129.7852857555,0.00553441,2024-12-09T01:22:00.558062029-05:00
LTC-USD,128.99095437775,1,ask,129.7048497555,0.00553446,2024-12-09T01:23:00.712932328-05:00
LTC-USD,128.84095437775,1,ask,129.5540322555,0.00553456,2024-12-09T01:24:00.849022187-05:00
LTC-USD,129.02598162775,1,ask,129.7450677555,0.00557319,2024-12-09T01:25:00.990515617-05:00
LTC-USD,128.83095437775,1,ask,129.5439777555,0.00553457,2024-12-09T01:26:01.128815891-05:00
LTC-USD,128.63095437775,1,ask,129.3428877555,0.0055347,2024-12-09T01:27:01.284854206-05:00
LTC-USD,128.6900642555,1,ask,129.4032147555,0.00554161,2024-12-09T01:28:01.444083263-05:00
LTC-USD,128.55095437775,1,ask,129.2624517555,0.00553475,2024-12-09T01:29:01.598294297-05:00
LTC-USD,128.40095437775,1,ask,129.1116342555,0.00553485,2024-12-09T01:30:01.751362883-05:00
LTC-USD,128.24916437775,1,ask,128.959017,0.00553495,2024-12-09T01:31:01.913837108-05:00
LTC-USD,128.35068087775,1,ask,129.0613617555,0.00553702,2024-12-09T01:32:02.069628875-05:00
LTC-USD,128.65871594775,1,ask,129.37035464,0.00553121,2024-12-09T01:33:02.226657737-05:00
LTC-USD,128.34065362775,1,ask,129.0513072555,0.00553724,2024-12-09T01:34:02.392888211-05:00
LTC-USD,128.11916437775,1,ask,128.8283085,0.00553504,2024-12-09T01:35:02.547326061-05:00
LTC-USD,127.79088212775,1,ask,128.49,0.0054708,2024-12-09T01:36:02.713076452-05:00
LTC-USD,128.0500642555,1,ask,128.7597267555,0.00554207,2024-12-09T01:37:03.118335433-05:00
LTC-USD,128.45598162775,1,ask,129.1719612555,0.00557374,2024-12-09T01:38:03.276937527-05:00
LTC-USD,128.63644387775,1,ask,129.3428877555,0.00549179,2024-12-09T01:39:03.388716401-05:00
LTC-USD,128.46916437775,1,ask,129.180216,0.0055348,2024-12-09T01:40:03.514246858-05:00
LTC-USD,128.45598162775,1,ask,129.1719612555,0.00557374,2024-12-09T01:41:03.663930524-05:00
LTC-USD,128.45596893275,1,ask,129.15382511,0.00543265,2024-12-09T01:42:03.809047566-05:00
LTC-USD,128.47979831775,1,ask,129.18159288,0.0054623,2024-12-09T01:43:03.956297984-05:00
LTC-USD,128.75095437775,1,ask,129.4635417555,0.00553462,2024-12-09T01:44:04.098003542-05:00
LTC-USD,128.78413712775,1,ask,129.4919055,0.00549577,2024-12-09T01:45:04.256071049-05:00
LTC-USD,128.74210204275,1,ask,129.44761733,0.00548007,2024-12-09T01:46:04.362958571-05:00
LTC-USD,128.8000642555,1,ask,129.5138142555,0.00554153,2024-12-09T01:47:04.518392812-05:00
LTC-USD,128.79916437775,1,ask,129.5120145,0.00553459,2024-12-09T01:48:04.667446513-05:00
LTC-USD,128.90916437775,1,ask,129.622614,0.00553451,2024-12-09T01:49:04.817081172-05:00
LTC-USD,128.84095437775,1,ask,129.5540322555,0.00553456,2024-12-09T01:50:04.980894071-05:00
LTC-USD,128.82592712775,1,ask,129.5339232555,0.00549576,2024-12-09T01:51:05.144864416-05:00
LTC-USD,128.70095437775,1,ask,129.4132692555,0.00553465,2024-12-09T01:52:05.294700099-05:00
LTC-USD,128.45916437775,1,ask,129.1701615,0.00553481,2024-12-09T01:53:05.448139098-05:00
LTC-USD,128.29638117275,1,ask,128.99377759,0.00543582,2024-12-09T01:54:05.587165597-05:00
LTC-USD,128.5100642555,1,ask,129.2222337555,0.00554174,2024-12-09T01:55:05.741043434-05:00
LTC-USD,128.6600642555,1,ask,129.3730512555,0.00554163,2024-12-09T01:56:05.90407544-05:00
LTC-USD,128.58598162775,1,ask,129.3026697555,0.00557361,2024-12-09T01:57:06.055493048-05:00
LTC-USD,128.54095437775,1,ask,129.2523972555,0.00553476,2024-12-09T01:58:06.200625292-05:00
LTC-USD,128.54524091775,1,ask,129.25280508,0.0055044,2024-12-09T01:59:06.342074525-05:00
LTC-USD,128.37173295775,1,ask,129.07486266,0.00547729,2024-12-09T02:00:06.494851665-05:00
LTC-USD,128.14727857,1,ask,128.85292014,0.00550649,2024-12-09T02:01:06.644797447-05:00
LTC-USD,128.20403111775,1,ask,128.90853248,0.00549516,2024-12-09T02:02:06.817106675-05:00
LTC-USD,128.1000642555,1,ask,128.8099992555,0.00554203,2024-12-09T02:03:06.960660819-05:00
LTC-USD,128.268723705,1,ask,128.96651891,0.0054401,2024-12-09T02:04:07.096503363-05:00
LTC-USD,127.99227460275,1,ask,128.69387495,0.00548158,2024-12-09T02:05:07.244815566-05:00
LTC-USD,127.81146179775,1,ask,128.50132284,0.00539749,2024-12-09T02:06:07.381761524-05:00
LTC-USD,127.74738949775,1,ask,128.45274224,0.00552147,2024-12-09T02:07:07.520357568-05:00
LTC-USD,127.50667237775,1,ask,128.21,0.00551601,2024-12-09T02:08:07.686596929-05:00
LTC-USD,127.58095437775,1,ask,128.2871652555,0.00553539,2024-12-09T02:09:07.854606915-05:00
LTC-USD,127.26419162775,1,ask,127.973676,0.00557489,2024-12-09T02:10:07.952887003-05:00
LTC-USD,127.25642535275,1,ask,127.94819795,0.00543605,2024-12-09T02:11:08.096202009-05:00
LTC-USD,127.13872594775,1,ask,127.84209064,0.00553226,2024-12-09T02:12:08.234185291-05:00
LTC-USD,126.81095437775,1,ask,127.5129687555,0.00553591,2024-12-09T02:13:08.369757-05:00
LTC-USD,126.37342855,1,ask,127.0755191,0.00555568,2024-12-09T02:14:08.510144802-05:00
LTC-USD,126.92317112775,1,ask,127.59,0.0052538,2024-12-09T02:15:08.652312874-05:00
LTC-USD,126.26591425,1,ask,126.95,0.00541782,2024-12-09T02:16:08.790613273-05:00
LTC-USD,126.26095437775,1,ask,126.9599712555,0.00553629,2024-12-09T02:17:08.952373539-05:00
LTC-USD,125.93725165775,1,ask,126.63260206,0.0055214,2024-12-09T02:18:09.093382154-05:00
LTC-USD,125.73574109675,1,ask,126.44369308,0.00563048,2024-12-09T02:19:09.234962858-05:00
LTC-USD,125.28095437775,1,ask,125.9746302555,0.00553696,2024-12-09T02:20:09.381280776-05:00
LTC-USD,125.36940408775,1,ask,126.04390942,0.00538014,2024-12-09T02:21:09.551422691-05:00
LTC-USD,125.79598162775,1,ask,126.4974642555,0.00557635,2024-12-09T02:22:09.697665064-05:00
LTC-USD,125.6200642555,1,ask,126.3164832555,0.00554385,2024-12-09T02:23:09.844888908-05:00
LTC-USD,125.75644112775,1,ask,126.45,0.0055151,2024-12-09T02:24:10.008596809-05:00
LTC-USD,126.17095437775,1,ask,126.8694807555,0.00553635,2024-12-09T02:25:10.155438394-05:00
LTC-USD,126.41861823145,1,ask,127.1179512074,0.00553188,2024-12-09T02:26:10.302351174-05:00
LTC-USD,126.19095437775,1,ask,126.8895897555,0.00553633,2024-12-09T02:27:10.440852665-05:00
LTC-USD,125.66916437775,1,ask,126.364956,0.00553669,2024-12-09T02:28:10.58123712-05:00
LTC-USD,125.77513352,1,ask,126.47565904,0.00556967,2024-12-09T02:29:10.73674496-05:00
LTC-USD,125.74916437775,1,ask,126.445392,0.00553664,2024-12-09T02:30:10.88566065-05:00
LTC-USD,125.92511631275,1,ask,126.61827687,0.00550455,2024-12-09T02:31:11.04790466-05:00
LTC-USD,126.01746158775,1,ask,126.70351242,0.00544409,2024-12-09T02:32:11.194487334-05:00
LTC-USD,125.8600642555,1,ask,126.5577912555,0.00554367,2024-12-09T02:33:11.340573886-05:00
LTC-USD,125.85897397775,1,ask,126.5556107,0.00553506,2024-12-09T02:34:11.481982354-05:00
LTC-USD,125.91095437775,1,ask,126.6080637555,0.00553653,2024-12-09T02:35:11.618270504-05:00
LTC-USD,126.20607775,1,ask,126.89,0.00541909,2024-12-09T02:36:11.780424703-05:00
LTC-USD,126.50095437775,1,ask,127.2012792555,0.00553612,2024-12-09T02:37:11.874984714-05:00
LTC-USD,126.62916437775,1,ask,127.330188,0.00553604,2024-12-09T02:38:12.03737037-05:00
LTC-USD,126.7100642555,1,ask,127.4124237555,0.00554304,2024-12-09T02:39:12.177530778-05:00
LTC-USD,126.86095437775,1,ask,127.5632412555,0.00553588,2024-12-09T02:40:12.341092915-05:00
LTC-USD,126.79916437775,1,ask,127.5011145,0.00553592,2024-12-09T02:41:12.489927838-05:00
LTC-USD,126.98916437775,1,ask,127.69215,0.00553579,2024-12-09T02:42:12.642472917-05:00
LTC-USD,126.98486134275,1,ask,127.68354393,0.00550209,2024-12-09T02:43:12.789139164-05:00
LTC-USD,127.0900642555,1,ask,127.7944947555,0.00554277,2024-12-09T02:44:12.932203017-05:00
LTC-USD,127.3400642555,1,ask,128.0458572555,0.00554258,2024-12-09T02:45:13.074449826-05:00
LTC-USD,127.24883119,1,ask,127.95112038,0.00551902,2024-12-09T02:46:13.227136408-05:00
LTC-USD,127.1600642555,1,ask,127.8648762555,0.00554272,2024-12-09T02:47:14.383082172-05:00
LTC-USD,127.39916437775,1,ask,128.1043845,0.00553552,2024-12-09T02:48:14.537570095-05:00
LTC-USD,127.70942602275,1,ask,128.40665179,0.00545947,2024-12-09T02:49:14.717911234-05:00
LTC-USD,127.6897301463,1,ask,128.395965,0.00553087,2024-12-09T02:50:14.867698832-05:00
LTC-USD,127.42166842405,1,ask,128.1162387555,0.00545096,2024-12-09T02:51:15.019169164-05:00
LTC-USD,127.5684874163,1,ask,128.27166064,0.00551212,2024-12-09T02:52:15.173146696-05:00
LTC-USD,127.50614726275,1,ask,128.20894977,0.00551191,2024-12-09T02:53:15.334889683-05:00
LTC-USD,127.33020494275,1,ask,128.03608413,0.00554369,2024-12-09T02:54:15.477143175-05:00
LTC-USD,127.44499093775,1,ask,128.14631012,0.00550292,2024-12-09T02:55:15.624284739-05:00
LTC-USD,127.471180795,1,ask,128.17701859,0.00553723,2024-12-09T02:56:15.739339303-05:00
LTC-USD,127.2700642555,1,ask,127.9754757555,0.00554263,2024-12-09T02:57:15.907398573-05:00
LTC-USD,127.20285835275,1,ask,127.90073695,0.00548634,2024-12-09T02:58:16.066140789-05:00
LTC-USD,127.12095437775,1,ask,127.8246582555,0.0055357,2024-12-09T02:59:16.240347108-05:00
LTC-USD,127.08925895775,1,ask,127.78293866,0.00545821,2024-12-09T03:00:16.390049763-05:00
LTC-USD,127.07243187405,1,ask,127.7743857555,0.00552405,2024-12-09T03:01:16.552352999-05:00
LTC-USD,126.67586457275,1,ask,127.37386089,0.0055101,2024-12-09T03:02:16.735620854-05:00
LTC-USD,126.33095437775,1,ask,127.0303527555,0.00553624,2024-12-09T03:03:16.888293488-05:00
LTC-USD,126.6900642555,1,ask,127.3923147555,0.00554306,2024-12-09T03:04:17.04563124-05:00
LTC-USD,126.581207883,1,ask,127.2817152555,0.00553406,2024-12-09T03:05:17.21606344-05:00
LTC-USD,126.40951649775,1,ask,127.10969324,0.00553896,2024-12-09T03:06:17.375388521-05:00
LTC-USD,126.174225225,1,ask,126.87602245,0.00556213,2024-12-09T03:07:17.536854615-05:00
LTC-USD,126.1700642555,1,ask,126.8694807555,0.00554344,2024-12-09T03:08:17.687237113-05:00
LTC-USD,126.44835580775,1,ask,127.14758986,0.0055298,2024-12-09T03:09:17.84665537-05:00
LTC-USD,126.3650915055,1,ask,127.0705707555,0.00558287,2024-12-09T03:10:17.998611247-05:00
LTC-USD,126.34916437775,1,ask,127.048662,0.00553623,2024-12-09T03:11:18.140648297-05:00
LTC-USD,126.11170944275,1,ask,126.80249863,0.0054776,2024-12-09T03:12:18.281760489-05:00
LTC-USD,126.21095437775,1,ask,126.9096987555,0.00553632,2024-12-09T03:13:18.427861266-05:00
LTC-USD,126.8650915055,1,ask,127.5732957555,0.00558234,2024-12-09T03:14:18.580572859-05:00
LTC-USD,126.70095437775,1,ask,127.4023692555,0.00553599,2024-12-09T03:15:18.739508116-05:00
LTC-USD,126.72419162775,1,ask,127.430733,0.00557543,2024-12-09T03:16:18.890070367-05:00
LTC-USD,126.72095437775,1,ask,127.4224782555,0.00553597,2024-12-09T03:17:19.046287766-05:00
LTC-USD,126.88095437775,1,ask,127.5833502555,0.00553587,2024-12-09T03:18:19.207961498-05:00
LTC-USD,127.02419162775,1,ask,127.732368,0.00557513,2024-12-09T03:19:19.364819312-05:00
LTC-USD,126.91095437775,1,ask,127.6135137555,0.00553585,2024-12-09T03:20:19.521023619-05:00
LTC-USD,126.97419162775,1,ask,127.6820955,0.00557518,2024-12-09T03:21:19.687768111-05:00
LTC-USD,127.11916437775,1,ask,127.8228585,0.0055357,2024-12-09T03:22:19.851924567-05:00
LTC-USD,126.93095437775,1,ask,127.6336227555,0.00553583,2024-12-09T03:23:20.016783368-05:00
LTC-USD,127.3000642555,1,ask,128.0056392555,0.00554261,2024-12-09T03:24:20.12654737-05:00
LTC-USD,127.12419162775,1,ask,127.832913,0.00557503,2024-12-09T03:25:20.289945044-05:00
LTC-USD,126.98605671275,1,ask,127.68593467,0.00551146,2024-12-09T03:26:20.459107155-05:00
LTC-USD,126.54598162775,1,ask,127.2515517555,0.0055756,2024-12-09T03:27:20.619803629-05:00
LTC-USD,126.39916437775,1,ask,127.0989345,0.00553619,2024-12-09T03:28:20.776187044-05:00
LTC-USD,126.46051535775,1,ask,127.16196346,0.00554678,2024-12-09T03:29:20.918397331-05:00
LTC-USD,126.2200642555,1,ask,126.9197532555,0.00554341,2024-12-09T03:30:21.075324188-05:00
LTC-USD,126.31916437775,1,ask,127.0184985,0.00553625,2024-12-09T03:31:21.248465719-05:00
LTC-USD,126.09127149275,1,ask,126.78151373,0.00547415,2024-12-09T03:32:21.405823032-05:00
LTC-USD,125.84419162775,1,ask,126.545937,0.0055763,2024-12-09T03:33:21.559760735-05:00
LTC-USD,125.37038183275,1,ask,126.05581041,0.00546723,2024-12-09T03:34:21.730520846-05:00
LTC-USD,125.28769462775,1,ask,125.97,0.00544591,2024-12-09T03:35:21.899307718-05:00
LTC-USD,125.2800642555,1,ask,125.9746302555,0.00554411,2024-12-09T03:36:22.052647629-05:00
LTC-USD,125.27772187775,1,ask,125.96,0.00544612,2024-12-09T03:37:22.207811417-05:00
LTC-USD,125.21291262775,1,ask,125.9,0.00548735,2024-12-09T03:38:22.360750587-05:00
LTC-USD,125.35419162775,1,ask,126.0532665,0.0055768,2024-12-09T03:39:22.520083662-05:00
LTC-USD,125.90916437775,1,ask,126.606264,0.00553653,2024-12-09T03:40:22.664712882-05:00
LTC-USD,126.3300642555,1,ask,127.0303527555,0.00554332,2024-12-09T03:41:22.826751122-05:00
LTC-USD,126.07916437775,1,ask,126.7771905,0.00553641,2024-12-09T03:42:22.971251062-05:00
LTC-USD,125.93726461775,1,ask,126.63262798,0.00552151,2024-12-09T03:43:23.130582806-05:00
LTC-USD,126.02916437775,1,ask,126.726918,0.00553645,2024-12-09T03:44:23.242644701-05:00
LTC-USD,125.65916437775,1,ask,126.3549015,0.0055367,2024-12-09T03:45:23.399481248-05:00
LTC-USD,125.9400642555,1,ask,126.6382272555,0.00554361,2024-12-09T03:46:23.554625717-05:00
LTC-USD,125.94916437775,1,ask,126.646482,0.0055365,2024-12-09T03:47:23.715509224-05:00
LTC-USD,126.1800642555,1,ask,126.8795352555,0.00554344,2024-12-09T03:48:23.882627012-05:00
LTC-USD,125.7700642555,1,ask,126.4673007555,0.00554374,2024-12-09T03:49:24.278213187-05:00
LTC-USD,125.39170268275,1,ask,126.07856111,0.0054777,2024-12-09T03:50:24.425831331-05:00
LTC-USD,124.78405712775,1,ask,125.46,0.0054169,2024-12-09T03:51:24.617876284-05:00
LTC-USD,125.24283087775,1,ask,125.93,0.00548669,2024-12-09T03:52:24.773752317-05:00
LTC-USD,125.47095437775,1,ask,126.1656657555,0.00553683,2024-12-09T03:53:24.922854645-05:00
LTC-USD,124.85419162775,1,ask,125.5505415,0.0055773,2024-12-09T03:54:25.075131062-05:00
LTC-USD,124.79598162775,1,ask,125.4920142555,0.00557736,2024-12-09T03:55:25.185015842-05:00
LTC-USD,124.51916437775,1,ask,125.2086885,0.00553749,2024-12-09T03:56:25.341366727-05:00
LTC-USD,124.58485918,1,ask,125.27862486,0.00556862,2024-12-09T03:57:25.499223232-05:00
LTC-USD,124.69930237775,1,ask,125.38,0.00545871,2024-12-09T03:58:25.65444152-05:00
LTC-USD,124.48484737775,1,ask,125.15,0.00534324,2024-12-09T03:59:25.811029564-05:00
LTC-USD,124.12419162775,1,ask,124.816563,0.00557805,2024-12-09T04:00:25.989316731-05:00
LTC-USD,124.55971112775,1,ask,125.25,0.00554183,2024-12-09T04:01:26.141182221-05:00
LTC-USD,125.01845762775,1,ask,125.71,0.00553152,2024-12-09T04:02:26.28310727-05:00
LTC-USD,125.0700642555,1,ask,125.7634857555,0.00554426,2024-12-09T04:03:26.4545739-05:00
LTC-USD,125.07095437775,1,ask,125.7634857555,0.00553711,2024-12-09T04:04:26.604554428-05:00
LTC-USD,125.08419162775,1,ask,125.781795,0.00557707,2024-12-09T04:05:26.764018153-05:00
LTC-USD,125.11095437775,1,ask,125.8037037555,0.00553708,2024-12-09T04:06:26.920239008-05:00
LTC-USD,125.08598369775,1,ask,125.77543364,0.00551181,2024-12-09T04:07:27.067999945-05:00
LTC-USD,125.47999448275,1,ask,126.16563521,0.00546414,2024-12-09T04:08:27.220098267-05:00
LTC-USD,125.01720835775,1,ask,125.68761046,0.00536248,2024-12-09T04:09:27.362390764-05:00
LTC-USD,124.84916437775,1,ask,125.540487,0.00553726,2024-12-09T04:10:27.523193225-05:00
LTC-USD,124.96095437775,1,ask,125.6528862555,0.00553718,2024-12-09T04:11:27.673396355-05:00
LTC-USD,125.2400642555,1,ask,125.9344122555,0.00554414,2024-12-09T04:12:27.837116657-05:00
LTC-USD,125.24783087775,1,ask,125.94,0.0055264,2024-12-09T04:13:27.985552339-05:00
LTC-USD,125.0350915055,1,ask,125.7333222555,0.00558428,2024-12-09T04:14:28.081435416-05:00
LTC-USD,124.87508175,1,ask,125.5706505,0.00557012,2024-12-09T04:15:28.238803649-05:00
LTC-USD,124.83598162775,1,ask,125.5322322555,0.00557732,2024-12-09T04:16:28.400388882-05:00
LTC-USD,124.5900642555,1,ask,125.2808697555,0.00554463,2024-12-09T04:17:28.559877818-05:00
LTC-USD,124.75916612775,1,ask,125.45,0.00553734,2024-12-09T04:18:28.713480447-05:00
LTC-USD,124.47095437775,1,ask,125.1602157555,0.00553753,2024-12-09T04:19:28.877152549-05:00
LTC-USD,123.68095437775,1,ask,124.3659102555,0.00553809,2024-12-09T04:20:29.043888985-05:00
LTC-USD,123.52891032,1,ask,124.19782064,0.00541501,2024-12-09T04:21:29.216433621-05:00
LTC-USD,123.40216487775,1,ask,124.0743297555,0.00544695,2024-12-09T04:22:29.386959185-05:00
LTC-USD,123.41916437775,1,ask,124.1026935,0.00553827,2024-12-09T04:23:29.540833717-05:00
LTC-USD,123.37508175,1,ask,124.0624755,0.00557158,2024-12-09T04:24:29.70578726-05:00
LTC-USD,123.36792662775,1,ask,124.04,0.00544772,2024-12-09T04:25:29.876569861-05:00
LTC-USD,123.42712789275,1,ask,124.10867503,0.00552186,2024-12-09T04:26:30.047806535-05:00
LTC-USD,123.26095437775,1,ask,123.9436212555,0.00553839,2024-12-09T04:27:30.205926132-05:00
LTC-USD,123.2845055,1,ask,123.9708325,0.00556702,2024-12-09T04:28:30.356582317-05:00
LTC-USD,123.27916437775,1,ask,123.9619305,0.00553837,2024-12-09T04:29:30.517296879-05:00
LTC-USD,123.35216826775,1,ask,124.03831978,0.00556254,2024-12-09T04:30:30.673109673-05:00
LTC-USD,123.40779242775,1,ask,124.0799496,0.00544663,2024-12-09T04:31:30.821446492-05:00
LTC-USD,123.7100642555,1,ask,124.3960737555,0.0055453,2024-12-09T04:32:31.987211231-05:00
LTC-USD,123.58916437775,1,ask,124.27362,0.00553815,2024-12-09T04:33:32.147657741-05:00
LTC-USD,123.64285040275,1,ask,124.33126455,0.00556776,2024-12-09T04:34:32.28565719-05:00
LTC-USD,123.33295387775,1,ask,123.98,0.00524634,2024-12-09T04:35:32.415337227-05:00
LTC-USD,122.94419162775,1,ask,123.630132,0.00557928,2024-12-09T04:36:32.551644171-05:00
LTC-USD,122.9600545,1,ask,123.6401865,0.00553132,2024-12-09T04:37:32.681339957-05:00
LTC-USD,123.51149408275,1,ask,124.18789791,0.00547644,2024-12-09T04:38:32.821400285-05:00
LTC-USD,123.1700642555,1,ask,123.8531307555,0.00554572,2024-12-09T04:39:32.954330735-05:00
LTC-USD,123.33320392775,1,ask,124.0103366,0.00549027,2024-12-09T04:40:33.099991438-05:00
LTC-USD,123.59916437775,1,ask,124.2836745,0.00553815,2024-12-09T04:41:33.26946162-05:00
LTC-USD,123.45232837775,1,ask,124.1346567555,0.00552706,2024-12-09T04:42:33.398740806-05:00
LTC-USD,123.5000642555,1,ask,124.1849292555,0.00554546,2024-12-09T04:43:33.574243473-05:00
LTC-USD,123.74916437775,1,ask,124.434492,0.00553804,2024-12-09T04:44:33.738795128-05:00
LTC-USD,124.32255929275,1,ask,125.01438833,0.00556479,2024-12-09T04:45:33.902609904-05:00
LTC-USD,124.14959849775,1,ask,124.83754024,0.00554123,2024-12-09T04:46:34.068331679-05:00
LTC-USD,124.12373370275,1,ask,124.80570165,0.00549426,2024-12-09T04:47:34.23163663-05:00
LTC-USD,124.27916437775,1,ask,124.9673805,0.00553766,2024-12-09T04:48:34.39225621-05:00
LTC-USD,124.3100642555,1,ask,124.9993437555,0.00554484,2024-12-09T04:49:34.551518436-05:00
LTC-USD,124.39598162775,1,ask,125.0898342555,0.00557777,2024-12-09T04:50:34.696032333-05:00
LTC-USD,124.47095437775,1,ask,125.1602157555,0.00553753,2024-12-09T04:51:34.864304938-05:00
LTC-USD,124.397186795,1,ask,125.08229909,0.00550746,2024-12-09T04:52:34.991284389-05:00
LTC-USD,124.3800642555,1,ask,125.0697252555,0.00554479,2024-12-09T04:53:35.131937773-05:00
LTC-USD,124.22137650775,1,ask,124.90153226,0.00547535,2024-12-09T04:54:35.287258155-05:00
LTC-USD,123.9500642555,1,ask,124.6373817555,0.00554512,2024-12-09T04:55:35.443530216-05:00
LTC-USD,124.35484612275,1,ask,125.03917999,0.00550307,2024-12-09T04:56:35.577327283-05:00
LTC-USD,124.4900642555,1,ask,125.1803247555,0.0055447,2024-12-09T04:57:35.711327483-05:00
LTC-USD,124.26572103275,1,ask,124.95043931,0.00551011,2024-12-09T04:58:35.862786531-05:00
LTC-USD,124.03891859775,1,ask,124.72558094,0.00553586,2024-12-09T04:59:36.017708318-05:00
LTC-USD,124.08598162775,1,ask,124.7781447555,0.00557809,2024-12-09T05:00:36.143436018-05:00
LTC-USD,124.41419162775,1,ask,125.1081435,0.00557775,2024-12-09T05:01:36.254501013-05:00
LTC-USD,124.46916437775,1,ask,125.158416,0.00553753,2024-12-09T05:02:36.408921591-05:00
LTC-USD,124.73916437775,1,ask,125.4298875,0.00553734,2024-12-09T05:03:36.564692883-05:00
LTC-USD,124.7500642555,1,ask,125.4417417555,0.00554451,2024-12-09T05:04:36.743918242-05:00
LTC-USD,124.72598162775,1,ask,125.4216327555,0.00557744,2024-12-09T05:05:36.915321654-05:00
LTC-USD,124.66916437775,1,ask,125.359506,0.00553739,2024-12-09T05:06:37.066420932-05:00
LTC-USD,124.8300642555,1,ask,125.5221777555,0.00554445,2024-12-09T05:07:50.302802404-05:00
LTC-USD,125.03916437775,1,ask,125.7315225,0.00553713,2024-12-09T05:08:50.40487901-05:00
LTC-USD,124.8500642555,1,ask,125.5422867555,0.00554443,2024-12-09T05:09:50.554705082-05:00
LTC-USD,124.8550915055,1,ask,125.5523412555,0.00558447,2024-12-09T05:10:50.678416328-05:00
LTC-USD,124.9500642555,1,ask,125.6428317555,0.00554435,2024-12-09T05:11:50.866133236-05:00
LTC-USD,124.87916437775,1,ask,125.5706505,0.00553724,2024-12-09T05:12:50.9765086-05:00
LTC-USD,124.7800642555,1,ask,125.4719052555,0.00554448,2024-12-09T05:13:51.13315576-05:00
LTC-USD,124.64916437775,1,ask,125.339397,0.0055374,2024-12-09T05:14:51.302000682-05:00
LTC-USD,124.70419162775,1,ask,125.399724,0.00557746,2024-12-09T05:15:51.466237125-05:00
LTC-USD,124.27916437775,1,ask,124.9673805,0.00553766,2024-12-09T05:16:51.62657182-05:00
LTC-USD,124.35095437775,1,ask,125.0395617555,0.00553761,2024-12-09T05:17:51.793931859-05:00
LTC-USD,124.23916437775,1,ask,124.9271625,0.00553769,2024-12-09T05:18:51.95440664-05:00
LTC-USD,124.13504973775,1,ask,124.81838822,0.0055048,2024-12-09T05:19:52.124100413-05:00
LTC-USD,123.90901808275,1,ask,124.59507141,0.00553675,2024-12-09T05:20:52.273955144-05:00
LTC-USD,123.95666469275,1,ask,124.64063713,0.00551784,2024-12-09T05:21:52.437733108-05:00
LTC-USD,123.93095437775,1,ask,124.6172727555,0.00553791,2024-12-09T05:22:52.58423526-05:00
LTC-USD,123.8900642555,1,ask,124.5770547555,0.00554516,2024-12-09T05:23:52.725358281-05:00
LTC-USD,123.89095437775,1,ask,124.5770547555,0.00553794,2024-12-09T05:24:52.875005048-05:00
LTC-USD,123.87095437775,1,ask,124.5569457555,0.00553795,2024-12-09T05:25:53.026759006-05:00
LTC-USD,123.93598162775,1,ask,124.6273272555,0.00557825,2024-12-09T05:26:53.169742376-05:00
LTC-USD,123.61916437775,1,ask,124.3037835,0.00553813,2024-12-09T05:27:53.276038611-05:00
LTC-USD,123.87095437775,1,ask,124.5569457555,0.00553795,2024-12-09T05:28:53.395153992-05:00
LTC-USD,123.8900642555,1,ask,124.5770547555,0.00554516,2024-12-09T05:29:53.55160891-05:00
LTC-USD,124.02095437775,1,ask,124.7077632555,0.00553785,2024-12-09T05:30:53.699166989-05:00
LTC-USD,123.90095437775,1,ask,124.5871092555,0.00553793,2024-12-09T05:31:53.857939623-05:00
LTC-USD,123.92095437775,1,ask,124.6072182555,0.00553792,2024-12-09T05:32:54.000878559-05:00
LTC-USD,124.44095437775,1,ask,125.1300522555,0.00553755,2024-12-09T05:33:54.168178923-05:00
LTC-USD,124.14916437775,1,ask,124.836672,0.00553775,2024-12-09T05:34:54.317524108-05:00
LTC-USD,124.24916437775,1,ask,124.937217,0.00553768,2024-12-09T05:35:54.467267254-05:00
LTC-USD,124.36659185775,1,ask,125.05272596,0.00551703,2024-12-09T05:36:54.6464282-05:00
LTC-USD,124.39095437775,1,ask,125.0797797555,0.00553758,2024-12-09T05:37:54.79619636-05:00
LTC-USD,124.4400642555,1,ask,125.1300522555,0.00554474,2024-12-09T05:38:54.945279177-05:00
LTC-USD,124.40916437775,1,ask,125.098089,0.00553757,2024-12-09T05:39:55.127164916-05:00
LTC-USD,124.3700642555,1,ask,125.0596707555,0.00554479,2024-12-09T05:40:55.286388777-05:00
LTC-USD,124.29224528275,1,ask,124.97365131,0.00548229,2024-12-09T05:41:55.444635913-05:00
LTC-USD,124.1500642555,1,ask,124.8384717555,0.00554496,2024-12-09T05:42:55.613632025-05:00
LTC-USD,124.36916437775,1,ask,125.057871,0.0055376,2024-12-09T05:43:55.768202692-05:00
LTC-USD,124.2550370055,1,ask,124.9390167555,0.00550464,2024-12-09T05:44:55.921035415-05:00
LTC-USD,124.10880074275,1,ask,124.79572673,0.00553487,2024-12-09T05:45:56.090914322-05:00
LTC-USD,123.75095437775,1,ask,124.4362917555,0.00553804,2024-12-09T05:46:56.234289201-05:00
LTC-USD,123.83095437775,1,ask,124.5167277555,0.00553798,2024-12-09T05:47:56.387264912-05:00
LTC-USD,124.23095437775,1,ask,124.9189077555,0.0055377,2024-12-09T05:48:56.541751013-05:00
LTC-USD,124.2900642555,1,ask,124.9792347555,0.00554486,2024-12-09T05:49:56.693532552-05:00
LTC-USD,124.5100642555,1,ask,125.2004337555,0.00554469,2024-12-09T05:50:56.844596675-05:00
LTC-USD,124.45095437775,1,ask,125.1401067555,0.00553754,2024-12-09T05:51:57.005665196-05:00
LTC-USD,124.6700642555,1,ask,125.3613057555,0.00554457,2024-12-09T05:52:57.167246328-05:00
LTC-USD,124.78750410775,1,ask,125.47683946,0.00552407,2024-12-09T05:53:57.3206843-05:00
LTC-USD,124.80419162775,1,ask,125.500269,0.00557736,2024-12-09T05:54:57.480223314-05:00
LTC-USD,124.85240561775,1,ask,125.53702398,0.00548342,2024-12-09T05:55:57.637792302-05:00
LTC-USD,124.93916437775,1,ask,125.6309775,0.0055372,2024-12-09T05:56:57.82230295-05:00
LTC-USD,124.85916437775,1,ask,125.5505415,0.00553726,2024-12-09T05:57:57.991706281-05:00
LTC-USD,124.9100642555,1,ask,125.6026137555,0.00554439,2024-12-09T05:58:58.165030363-05:00
LTC-USD,124.92095437775,1,ask,125.6126682555,0.00553721,2024-12-09T05:59:58.326681782-05:00
LTC-USD,124.718110365,1,ask,125.43622073,0.00575787,2024-12-09T06:00:58.478904707-05:00
LTC-USD,124.57929186,1,ask,125.27858372,0.00561323,2024-12-09T06:01:58.630558096-05:00
LTC-USD,124.454112775,1,ask,125.16822555,0.00573796,2024-12-09T06:02:58.787235364-05:00
LTC-USD,124.39703639,1,ask,125.11407278,0.0057641,2024-12-09T06:03:58.949787112-05:00
LTC-USD,124.3857784037,1,ask,125.1015568074,0.0057545,2024-12-09T06:04:59.108415892-05:00
LTC-USD,124.227540825,1,ask,124.94508165,0.00577602,2024-12-09T06:05:59.275370838-05:00
LTC-USD,123.85,1,ask,124.56,0.00573274,2024-12-09T06:06:59.432478011-05:00
LTC-USD,123.87,1,ask,124.57,0.00565109,2024-12-09T06:07:59.618079994-05:00
LTC-USD,123.722264395,1,ask,124.43452879,0.00575696,2024-12-09T06:08:59.785776572-05:00
LTC-USD,123.645,1,ask,124.36,0.00578268,2024-12-09T06:09:59.929786967-05:00
LTC-USD,123.49095437775,1,ask,124.1748747555,0.00553822,2024-12-09T06:11:00.07634825-05:00
LTC-USD,123.49916437775,1,ask,124.1831295,0.00553822,2024-12-09T06:12:00.231076552-05:00
LTC-USD,123.54760087775,1,ask,124.2352017555,0.00556547,2024-12-09T06:13:00.387223645-05:00
LTC-USD,123.6600642555,1,ask,124.3458012555,0.00554534,2024-12-09T06:14:00.551087764-05:00
LTC-USD,123.8200642555,1,ask,124.5066732555,0.00554522,2024-12-09T06:15:00.700790604-05:00
LTC-USD,123.49419162775,1,ask,124.1831295,0.00557871,2024-12-09T06:16:00.881395175-05:00
LTC-USD,123.6500642555,1,ask,124.3357467555,0.00554535,2024-12-09T06:17:01.024864633-05:00
LTC-USD,123.6400642555,1,ask,124.3256922555,0.00554535,2024-12-09T06:18:01.176042654-05:00
LTC-USD,123.44916437775,1,ask,124.132857,0.00553825,2024-12-09T06:19:01.337501317-05:00
LTC-USD,123.22916437775,1,ask,123.911658,0.00553841,2024-12-09T06:20:01.521377873-05:00
LTC-USD,123.26916437775,1,ask,123.951876,0.00553838,2024-12-09T06:21:01.677280855-05:00
LTC-USD,123.35300837775,1,ask,124.04,0.00556931,2024-12-09T06:22:01.857000441-05:00
LTC-USD,123.17916437775,1,ask,123.8613855,0.00553845,2024-12-09T06:23:02.022272531-05:00
LTC-USD,123.20095437775,1,ask,123.8832942555,0.00553843,2024-12-09T06:24:02.179601089-05:00
LTC-USD,122.74095437775,1,ask,123.4207872555,0.00553876,2024-12-09T06:25:02.355958271-05:00
LTC-USD,123.14598162775,1,ask,123.8330217555,0.00557907,2024-12-09T06:26:02.500880404-05:00
LTC-USD,123.32592712775,1,ask,124.0039482555,0.0054978,2024-12-09T06:27:02.660973519-05:00
LTC-USD,123.01095437775,1,ask,123.6922587555,0.00553857,2024-12-09T06:28:02.792969245-05:00
LTC-USD,122.9600642555,1,ask,123.6419862555,0.00554588,2024-12-09T06:29:02.954587321-05:00
LTC-USD,122.75916437775,1,ask,123.4390965,0.00553875,2024-12-09T06:30:03.106944598-05:00
LTC-USD,122.58005212775,1,ask,123.24,0.00538381,2024-12-09T06:31:03.258916718-05:00
LTC-USD,122.8300642555,1,ask,123.5112777555,0.00554598,2024-12-09T06:32:03.411996936-05:00
LTC-USD,122.94909837775,1,ask,123.63,0.00553808,2024-12-09T06:33:03.566468942-05:00
LTC-USD,122.89916437775,1,ask,123.5798595,0.00553865,2024-12-09T06:34:03.721309095-05:00
LTC-USD,122.94907112775,1,ask,123.62,0.00545697,2024-12-09T06:35:03.871685365-05:00
LTC-USD,122.7600642555,1,ask,123.4408962555,0.00554604,2024-12-09T06:36:04.02338139-05:00
LTC-USD,122.84419162775,1,ask,123.529587,0.00557939,2024-12-09T06:37:04.171244698-05:00
LTC-USD,122.70916437775,1,ask,123.388824,0.00553878,2024-12-09T06:38:04.318965378-05:00
LTC-USD,122.45095437775,1,ask,123.1292067555,0.00553897,2024-12-09T06:39:04.46647935-05:00
LTC-USD,122.82095437775,1,ask,123.5012232555,0.0055387,2024-12-09T06:40:04.61433995-05:00
LTC-USD,122.54419162775,1,ask,123.227952,0.0055797,2024-12-09T06:41:04.767451087-05:00
LTC-USD,122.40916437775,1,ask,123.087189,0.005539,2024-12-09T06:42:04.925531071-05:00
LTC-USD,122.3500642555,1,ask,123.0286617555,0.00554636,2024-12-09T06:43:05.074599069-05:00
LTC-USD,122.42419162775,1,ask,123.107298,0.00557983,2024-12-09T06:44:05.43999251-05:00
LTC-USD,122.5400642555,1,ask,123.2196972555,0.00554621,2024-12-09T06:45:05.599984598-05:00
LTC-USD,122.29095437775,1,ask,122.9683347555,0.00553909,2024-12-09T06:46:05.756976166-05:00
LTC-USD,122.08095437775,1,ask,122.7571902555,0.00553924,2024-12-09T06:47:05.929239872-05:00
LTC-USD,121.66862979955,1,ask,122.3221958436,0.00537169,2024-12-09T06:48:06.0825725-05:00
LTC-USD,121.5829082218,1,ask,122.2484274436,0.00547379,2024-12-09T06:49:06.230533728-05:00
LTC-USD,121.44818587775,1,ask,122.12,0.00553169,2024-12-09T06:50:06.385490031-05:00
LTC-USD,121.23095437775,1,ask,121.9025577555,0.00553987,2024-12-09T06:51:06.535431545-05:00
LTC-USD,121.5612102085,1,ask,122.2366481615,0.00555636,2024-12-09T06:52:06.690316782-05:00
LTC-USD,121.84859699955,1,ask,122.5130567436,0.00545316,2024-12-09T06:53:06.847584537-05:00
LTC-USD,122.34916437775,1,ask,123.026862,0.00553905,2024-12-09T06:54:07.007309852-05:00
LTC-USD,122.27916437775,1,ask,122.9564805,0.0055391,2024-12-09T06:55:07.159121796-05:00
LTC-USD,122.14095437775,1,ask,122.8175172555,0.0055392,2024-12-09T06:56:07.302659328-05:00
