symbol,price,quantity,side,ask_inclusive_of_buy_spread,buy_spread,timestamp
BTC-USD,97091.382976,1,ask,97101.429768,0.00010348,2024-12-10T16:55:18.768830598-05:00
BTC-USD,97096.68746,1,ask,97100.59492,0.00004024,2024-12-10T16:56:19.376003056-05:00
BTC-USD,96929.943634,1,ask,96934.337268,0.00004533,2024-12-10T16:57:19.960768094-05:00
BTC-USD,97001.141476,1,ask,97016.109544,0.00015431,2024-12-10T16:58:20.590315176-05:00
BTC-USD,96838.005,1,ask,96842.01,0.00004136,2024-12-10T16:59:21.183888126-05:00
BTC-USD,96963.04495,1,ask,96976.2,0.00013567,2024-12-10T17:00:21.796479951-05:00
BTC-USD,97104.95243,1,ask,97113.869024,0.00009182,2024-12-10T17:01:22.462274009-05:00
BTC-USD,97114.11333,1,ask,97127.656188,0.00013945,2024-12-10T17:02:24.093507751-05:00
BTC-USD,97149.729356,1,ask,97157.95848,0.00008471,2024-12-10T17:03:24.743591095-05:00
BTC-USD,97108.825778,1,ask,97117.939444,0.00009385,2024-12-10T17:04:25.378502425-05:00
BTC-USD,97132.89783,1,ask,97142.6,0.00009989,2024-12-10T17:05:26.049536259-05:00
BTC-USD,97096.379546,1,ask,97113.011692,0.0001713,2024-12-10T17:06:26.745368019-05:00
BTC-USD,97134.024678,1,ask,97142.917508,0.00009155,2024-12-10T17:07:27.457119252-05:00
BTC-USD,96959,1,ask,96972,0.00013408,2024-12-10T17:08:28.146872889-05:00
BTC-USD,97085.4422,1,ask,97086.8444,0.00001444,2024-12-10T17:09:29.125229657-05:00
BTC-USD,97049.895,1,ask,97067,0.00017625,2024-12-10T17:10:29.817932178-05:00
BTC-USD,96940.408558,1,ask,96949.27956,0.00009151,2024-12-10T17:11:30.415997979-05:00
BTC-USD,96775.270672,1,ask,96780.391344,0.00005291,2024-12-10T17:12:31.059460772-05:00
BTC-USD,96806.48336,1,ask,96817.444344,0.00011323,2024-12-10T17:13:31.670520952-05:00
BTC-USD,96856.111876,1,ask,96857.203752,0.00001127,2024-12-10T17:14:32.281499514-05:00
BTC-USD,96857.78,1,ask,96879,0.00021908,2024-12-10T17:15:32.935941118-05:00
BTC-USD,96815,1,ask,96829,0.00014461,2024-12-10T17:16:33.531358856-05:00
BTC-USD,96748,1,ask,96762,0.00014471,2024-12-10T17:17:34.13933185-05:00
BTC-USD,96715.218182,1,ask,96725.276364,0.000104,2024-12-10T17:18:34.73678407-05:00
BTC-USD,96690.039446,1,ask,96695.278892,0.00005419,2024-12-10T17:19:35.379109971-05:00
BTC-USD,96792.060034,1,ask,96795.820068,0.00003885,2024-12-10T17:20:36.000092879-05:00
BTC-USD,96664.478976,1,ask,96664.957952,0.00000496,2024-12-10T17:21:36.635054059-05:00
BTC-USD,96802.780642,1,ask,96805.881284,0.00003203,2024-12-10T17:22:37.223651036-05:00
BTC-USD,96769.182894,1,ask,96774.115788,0.00005098,2024-12-10T17:23:37.881354884-05:00
BTC-USD,96753.35515,1,ask,96761.72674,0.00008653,2024-12-10T17:24:38.458111726-05:00
BTC-USD,96772.51236,1,ask,96780.094168,0.00007835,2024-12-10T17:25:39.101748752-05:00
BTC-USD,96733.5,1,ask,96742.198364,0.00008992,2024-12-10T17:26:39.998507034-05:00
BTC-USD,96736.891388,1,ask,96745.6048,0.00009007,2024-12-10T17:27:40.87409443-05:00
BTC-USD,96774.749764,1,ask,96784.62898,0.00010208,2024-12-10T17:28:41.523198026-05:00
BTC-USD,96790.796734,1,ask,96799.159344,0.0000864,2024-12-10T17:29:42.143030552-05:00
BTC-USD,96879.73528,1,ask,96904.035872,0.00025083,2024-12-10T17:30:42.769429403-05:00
BTC-USD,96911.548462,1,ask,96946.559588,0.00036127,2024-12-10T17:31:43.446851455-05:00
BTC-USD,96905.186574,1,ask,96923.619516,0.00019022,2024-12-10T17:32:44.13803378-05:00
BTC-USD,97060.214524,1,ask,97069.459048,0.00009525,2024-12-10T17:33:44.772178161-05:00
BTC-USD,97062.25592,1,ask,97080.479664,0.00018775,2024-12-10T17:34:45.387653419-05:00
BTC-USD,97082.80128,1,ask,97094.98256,0.00012547,2024-12-10T17:35:46.01926924-05:00
BTC-USD,96995.53928,1,ask,97013.453988,0.0001847,2024-12-10T17:36:46.649356829-05:00
BTC-USD,96947.618154,1,ask,96963.896308,0.00016791,2024-12-10T17:37:47.328416637-05:00
BTC-USD,96926.314376,1,ask,96942.728752,0.00016935,2024-12-10T17:38:48.037359734-05:00
BTC-USD,96935.351436,1,ask,96941.062872,0.00005892,2024-12-10T17:39:48.740922586-05:00
BTC-USD,96899.872894,1,ask,96911.845788,0.00012356,2024-12-10T17:40:49.322211229-05:00
BTC-USD,96825.882788,1,ask,96837.565576,0.00012066,2024-12-10T17:41:49.934665515-05:00
BTC-USD,96832.853678,1,ask,96841.417356,0.00008844,2024-12-10T17:42:50.587723425-05:00
BTC-USD,96816.624412,1,ask,96829.148824,0.00012936,2024-12-10T17:43:51.205825146-05:00
BTC-USD,96806.723434,1,ask,96818.246868,0.00011904,2024-12-10T17:44:51.790315929-05:00
BTC-USD,96861.17506,1,ask,96871.45012,0.00010608,2024-12-10T17:45:52.402532079-05:00
BTC-USD,96863.334728,1,ask,96874.469456,0.00011495,2024-12-10T17:46:52.982710938-05:00
BTC-USD,96855.902476,1,ask,96865.574952,0.00009986,2024-12-10T17:47:53.592202376-05:00
BTC-USD,96921.355008,1,ask,96932.610016,0.00011613,2024-12-10T17:48:54.18370359-05:00
BTC-USD,96962.903656,1,ask,96973.107312,0.00010523,2024-12-10T17:49:54.753863047-05:00
BTC-USD,96959.590082,1,ask,96974.660164,0.00015543,2024-12-10T17:50:55.417189678-05:00
BTC-USD,96924.526906,1,ask,96934.063812,0.0000984,2024-12-10T17:51:56.163530023-05:00
BTC-USD,96912.891028,1,ask,96923.482056,0.00010928,2024-12-10T17:52:56.949230612-05:00
BTC-USD,96954.75869,1,ask,96968.71738,0.00014397,2024-12-10T17:53:57.588247236-05:00
BTC-USD,96959.081436,1,ask,96963.952872,0.00005024,2024-12-10T17:54:58.21180437-05:00
BTC-USD,96950.63559,1,ask,96963.65118,0.00013425,2024-12-10T17:55:58.848435974-05:00
BTC-USD,96861.099744,1,ask,96869.519488,0.00008693,2024-12-10T17:56:59.545724125-05:00
BTC-USD,96975.885564,1,ask,96984.171128,0.00008544,2024-12-10T17:58:00.172793184-05:00
BTC-USD,96996.523662,1,ask,97008.947324,0.00012808,2024-12-10T17:59:00.768703175-05:00
BTC-USD,96953.979412,1,ask,96971.143208,0.00017703,2024-12-10T18:00:01.426580042-05:00
BTC-USD,97000.901954,1,ask,97007.603908,0.00006909,2024-12-10T18:01:02.24686406-05:00
BTC-USD,97105.682984,1,ask,97111.585968,0.00006079,2024-12-10T18:02:02.84850896-05:00
BTC-USD,97150.903432,1,ask,97152.966864,0.00002124,2024-12-10T18:03:04.530276395-05:00
BTC-USD,97145.935694,1,ask,97151.591388,0.00005822,2024-12-10T18:04:05.187719526-05:00
BTC-USD,97176.530096,1,ask,97182.240192,0.00005876,2024-12-10T18:05:05.787823607-05:00
BTC-USD,97192.806552,1,ask,97198.113104,0.0000546,2024-12-10T18:06:06.439152852-05:00
BTC-USD,97199.865,1,ask,97211.73,0.00012207,2024-12-10T18:07:07.048402617-05:00
BTC-USD,97069.442626,1,ask,97072.995252,0.0000366,2024-12-10T18:08:07.681422347-05:00
BTC-USD,97091.658154,1,ask,97098.176308,0.00006713,2024-12-10T18:09:08.289820408-05:00
BTC-USD,97010.749134,1,ask,97016.408268,0.00005834,2024-12-10T18:10:09.122390929-05:00
BTC-USD,97063.637724,1,ask,97068.685448,0.000052,2024-12-10T18:11:09.780406396-05:00
BTC-USD,97034.989022,1,ask,97045.944152,0.0001129,2024-12-10T18:12:10.399681284-05:00
BTC-USD,97048.004502,1,ask,97054.009004,0.00006187,2024-12-10T18:13:11.064332742-05:00
BTC-USD,96904.468914,1,ask,96910.787828,0.00006521,2024-12-10T18:14:11.70655745-05:00
BTC-USD,96973.976114,1,ask,96978.612228,0.00004781,2024-12-10T18:15:12.331797896-05:00
BTC-USD,97006.671178,1,ask,97011.302356,0.00004774,2024-12-10T18:16:12.984882044-05:00
BTC-USD,97018.485462,1,ask,97023.350924,0.00005015,2024-12-10T18:17:13.590251474-05:00
BTC-USD,97015.070378,1,ask,97023.264052,0.00008446,2024-12-10T18:18:14.163103796-05:00
BTC-USD,97055.41992,1,ask,97063.8444,0.0000868,2024-12-10T18:19:14.759282156-05:00
BTC-USD,97171.495154,1,ask,97174.600308,0.00003196,2024-12-10T18:20:15.379191571-05:00
BTC-USD,97090.758662,1,ask,97104.005568,0.00013644,2024-12-10T18:21:16.011962936-05:00
BTC-USD,97047.682468,1,ask,97050.274936,0.00002671,2024-12-10T18:22:16.571078929-05:00
BTC-USD,97015.40241,1,ask,97018.91482,0.0000362,2024-12-10T18:23:17.212463622-05:00
BTC-USD,97010.115206,1,ask,97013.440412,0.00003428,2024-12-10T18:24:17.851907578-05:00
BTC-USD,96999.69392,1,ask,97000.59784,0.00000932,2024-12-10T18:25:18.577792881-05:00
BTC-USD,96981.915368,1,ask,96983.990736,0.0000214,2024-12-10T18:26:19.187634583-05:00
BTC-USD,97068.06762,1,ask,97082.2688,0.0001463,2024-12-10T18:27:19.791706166-05:00
BTC-USD,97028.580944,1,ask,97040.85354,0.00012648,2024-12-10T18:28:20.464887528-05:00
BTC-USD,97073.531768,1,ask,97075.183536,0.00001702,2024-12-10T18:29:21.154521378-05:00
BTC-USD,97069.57311,1,ask,97076.00622,0.00006627,2024-12-10T18:30:21.785500621-05:00
BTC-USD,97004.954668,1,ask,97010.909336,0.00006139,2024-12-10T18:31:22.36910213-05:00
BTC-USD,97042.194528,1,ask,97054.749056,0.00012937,2024-12-10T18:32:22.971945944-05:00
BTC-USD,97079.059594,1,ask,97089.979188,0.00011248,2024-12-10T18:33:23.579567247-05:00
BTC-USD,97068.781066,1,ask,97072.422132,0.00003751,2024-12-10T18:34:24.192638663-05:00
BTC-USD,97171.900752,1,ask,97177.661504,0.00005928,2024-12-10T18:35:24.829977153-05:00
BTC-USD,97109.988302,1,ask,97126.336604,0.00016835,2024-12-10T18:36:25.43672309-05:00
BTC-USD,97038.4465,1,ask,97045.253,0.00007014,2024-12-10T18:37:26.071538579-05:00
BTC-USD,97019.903242,1,ask,97040.769924,0.00021508,2024-12-10T18:38:27.025724109-05:00
BTC-USD,96921.47956,1,ask,96929.95912,0.00008749,2024-12-10T18:39:27.612137985-05:00
BTC-USD,96949.728968,1,ask,96956.307936,0.00006786,2024-12-10T18:40:28.22171733-05:00
BTC-USD,96901.399882,1,ask,96905.799764,0.00004541,2024-12-10T18:41:28.8038203-05:00
BTC-USD,96868.1001,1,ask,96874.5502,0.00006659,2024-12-10T18:42:29.44990954-05:00
BTC-USD,96705.333648,1,ask,96714.007296,0.00008969,2024-12-10T18:43:30.053781668-05:00
BTC-USD,96769.974882,1,ask,96777.289764,0.00007559,2024-12-10T18:44:30.648885285-05:00
BTC-USD,96767.901812,1,ask,96777.643624,0.00010067,2024-12-10T18:45:31.276296015-05:00
BTC-USD,96661.881822,1,ask,96666.663644,0.00004947,2024-12-10T18:46:31.862569583-05:00
BTC-USD,96590.2204,1,ask,96596.4408,0.0000644,2024-12-10T18:47:32.478247478-05:00
BTC-USD,96597.449296,1,ask,96603.728592,0.000065,2024-12-10T18:48:33.090228352-05:00
BTC-USD,96660.77632,1,ask,96675.95264,0.00015701,2024-12-10T18:49:33.713601496-05:00
BTC-USD,96641.084882,1,ask,96645.779764,0.00004858,2024-12-10T18:50:34.393580498-05:00
BTC-USD,96682.086438,1,ask,96689.012876,0.00007164,2024-12-10T18:51:35.013614189-05:00
BTC-USD,96649.382138,1,ask,96656.104276,0.00006955,2024-12-10T18:52:35.709137168-05:00
BTC-USD,96683.654466,1,ask,96692.864724,0.00009526,2024-12-10T18:53:36.278617394-05:00
BTC-USD,96645.588702,1,ask,96652.517404,0.00007169,2024-12-10T18:54:36.871776276-05:00
BTC-USD,96656.747736,1,ask,96659.4516,0.00002797,2024-12-10T18:55:37.510741158-05:00
BTC-USD,96723.286448,1,ask,96727.372896,0.00004225,2024-12-10T18:56:38.104394848-05:00
BTC-USD,96672.079562,1,ask,96674.999124,0.0000302,2024-12-10T18:57:38.722014613-05:00
BTC-USD,96685.7762,1,ask,96700.8924,0.00015634,2024-12-10T18:58:39.345085208-05:00
BTC-USD,96661.6258,1,ask,96665.4516,0.00003958,2024-12-10T18:59:39.991338096-05:00
BTC-USD,96693.214782,1,ask,96712.246764,0.00019683,2024-12-10T19:00:40.584738487-05:00
BTC-USD,96631.613676,1,ask,96639.637352,0.00008303,2024-12-10T19:01:41.199423086-05:00
BTC-USD,96665.477712,1,ask,96689.410764,0.00024759,2024-12-10T19:02:41.744099056-05:00
BTC-USD,96707.228802,1,ask,96730.092004,0.00023642,2024-12-10T19:03:42.385099746-05:00
BTC-USD,96783.629824,1,ask,96799.099648,0.00015984,2024-12-10T19:04:43.04578075-05:00
BTC-USD,96836.710694,1,ask,96843.771388,0.00007291,2024-12-10T19:05:43.676238935-05:00
BTC-USD,96717.38482,1,ask,96729.10964,0.00012123,2024-12-10T19:06:44.348204384-05:00
BTC-USD,96762.90738,1,ask,96776.65476,0.00014207,2024-12-10T19:07:45.006528737-05:00
BTC-USD,96787.770582,1,ask,96792.881164,0.0000528,2024-12-10T19:08:45.666682652-05:00
BTC-USD,96832.520566,1,ask,96844.841132,0.00012724,2024-12-10T19:09:46.324800311-05:00
BTC-USD,96891.316282,1,ask,96897.982564,0.0000688,2024-12-10T19:10:46.993637461-05:00
BTC-USD,96826.699768,1,ask,96832.749536,0.00006248,2024-12-10T19:11:47.644604136-05:00
BTC-USD,96888.770582,1,ask,96895.891164,0.00007349,2024-12-10T19:12:48.278068003-05:00
BTC-USD,96908.1986,1,ask,96924.2472,0.00016561,2024-12-10T19:13:48.892470342-05:00
BTC-USD,96842.97902,1,ask,96871.49564,0.00029446,2024-12-10T19:14:49.579638826-05:00
BTC-USD,96762.768548,1,ask,96775.377096,0.0001303,2024-12-10T19:15:50.233674563-05:00
BTC-USD,96650.934336,1,ask,96654.568672,0.0000376,2024-12-10T19:16:50.887950787-05:00
BTC-USD,96649.258536,1,ask,96651.617072,0.0000244,2024-12-10T19:17:51.496560336-05:00
BTC-USD,96638.301536,1,ask,96642.703072,0.00004555,2024-12-10T19:18:52.152734486-05:00
BTC-USD,96653.097236,1,ask,96657.294472,0.00004343,2024-12-10T19:19:52.792002462-05:00
BTC-USD,96823.040962,1,ask,96842.91234,0.00020523,2024-12-10T19:20:53.648349665-05:00
BTC-USD,96750.756982,1,ask,96756.063964,0.00005485,2024-12-10T19:21:54.305740136-05:00
BTC-USD,96786.33161,1,ask,96790.28322,0.00004083,2024-12-10T19:22:54.91919682-05:00
BTC-USD,96626.812734,1,ask,96628.325468,0.00001566,2024-12-10T19:23:55.56822346-05:00
BTC-USD,96481.560584,1,ask,96486.021168,0.00004623,2024-12-10T19:24:56.207491576-05:00
BTC-USD,96433.05896,1,ask,96436.57792,0.00003649,2024-12-10T19:25:56.880738682-05:00
BTC-USD,96436.67935,1,ask,96440.7387,0.00004209,2024-12-10T19:26:57.559454502-05:00
BTC-USD,96467.889996,1,ask,96471.619992,0.00003867,2024-12-10T19:27:58.21889259-05:00
BTC-USD,96449.854568,1,ask,96453.719136,0.00004007,2024-12-10T19:28:58.878911133-05:00
BTC-USD,96353.87768,1,ask,96356.94536,0.00003184,2024-12-10T19:29:59.49978289-05:00
BTC-USD,96368.3229,1,ask,96369.3658,0.00001082,2024-12-10T19:31:00.094195971-05:00
BTC-USD,96479.294782,1,ask,96481.769564,0.00002565,2024-12-10T19:32:00.748910761-05:00
BTC-USD,96431.811674,1,ask,96439.6016,0.00008078,2024-12-10T19:33:01.404180197-05:00
BTC-USD,96268.751914,1,ask,96282.524272,0.00014306,2024-12-10T19:34:02.043584212-05:00
BTC-USD,96276.468698,1,ask,96293.239552,0.00017419,2024-12-10T19:35:02.653724283-05:00
BTC-USD,96313.321662,1,ask,96325.066092,0.00012194,2024-12-10T19:36:03.348331176-05:00
BTC-USD,96256.2829,1,ask,96258.3558,0.00002154,2024-12-10T19:37:03.97291749-05:00
BTC-USD,96275.35881,1,ask,96278.01762,0.00002762,2024-12-10T19:38:04.616265057-05:00
BTC-USD,96222.996484,1,ask,96229.312968,0.00006564,2024-12-10T19:39:05.244093214-05:00
BTC-USD,96196.908264,1,ask,96207.281032,0.00010783,2024-12-10T19:40:05.86975561-05:00
BTC-USD,96102.782184,1,ask,96107.874368,0.00005299,2024-12-10T19:41:06.511199297-05:00
BTC-USD,96083.09838,1,ask,96084.50676,0.00001466,2024-12-10T19:42:07.131629372-05:00
BTC-USD,96048.129914,1,ask,96054.259828,0.00006382,2024-12-10T19:43:07.750636027-05:00
BTC-USD,95957.31704,1,ask,95960.34408,0.00003155,2024-12-10T19:44:08.392525782-05:00
BTC-USD,96035.114726,1,ask,96038.789452,0.00003826,2024-12-10T19:45:09.015742017-05:00
BTC-USD,95987.177196,1,ask,95993.914176,0.00007019,2024-12-10T19:46:09.635214329-05:00
BTC-USD,96165.85868,1,ask,96181.71736,0.00016491,2024-12-10T19:47:10.286747723-05:00
BTC-USD,96199.395936,1,ask,96205.921872,0.00006784,2024-12-10T19:48:11.017182066-05:00
BTC-USD,96239.074132,1,ask,96242.968264,0.00004046,2024-12-10T19:49:11.674664095-05:00
BTC-USD,96205.814146,1,ask,96213.442552,0.00007929,2024-12-10T19:50:12.335873362-05:00
BTC-USD,96183.170004,1,ask,96191.575256,0.00008739,2024-12-10T19:51:12.969513696-05:00
BTC-USD,96279.453596,1,ask,96288.558792,0.00009457,2024-12-10T19:52:13.608287049-05:00
BTC-USD,96416.500956,1,ask,96425.149212,0.0000897,2024-12-10T19:53:14.238265445-05:00
BTC-USD,96456.044744,1,ask,96464.718592,0.00008993,2024-12-10T19:54:14.911275519-05:00
BTC-USD,96504.934192,1,ask,96513.753312,0.00009139,2024-12-10T19:55:15.522408134-05:00
BTC-USD,96573.208476,1,ask,96582.065984,0.00009172,2024-12-10T19:56:16.14030628-05:00
BTC-USD,96569.881366,1,ask,96577.792732,0.00008192,2024-12-10T19:57:16.816665726-05:00
BTC-USD,96426.697508,1,ask,96436.925324,0.00010607,2024-12-10T19:58:17.395828208-05:00
BTC-USD,96482.490048,1,ask,96494.256192,0.00012195,2024-12-10T19:59:18.021100167-05:00
BTC-USD,96412.81,1,ask,96423.8,0.00011399,2024-12-10T20:00:18.666895663-05:00
BTC-USD,96331.467196,1,ask,96337.434392,0.00006194,2024-12-10T20:01:19.298771864-05:00
BTC-USD,96299.411342,1,ask,96308.159332,0.00009084,2024-12-10T20:02:19.925382676-05:00
BTC-USD,96194.165774,1,ask,96201.141548,0.00007252,2024-12-10T20:03:20.56329107-05:00
BTC-USD,96269.715258,1,ask,96277.967392,0.00008572,2024-12-10T20:04:21.154740142-05:00
BTC-USD,96263.859244,1,ask,96272.754388,0.0000924,2024-12-10T20:05:21.824175833-05:00
BTC-USD,96370.040224,1,ask,96381.656636,0.00012054,2024-12-10T20:06:22.411087117-05:00
BTC-USD,96429.336328,1,ask,96438.402656,0.00009402,2024-12-10T20:07:23.038074955-05:00
BTC-USD,96354.788048,1,ask,96364.083184,0.00009647,2024-12-10T20:08:23.690878283-05:00
BTC-USD,96267.903698,1,ask,96294.325888,0.00027447,2024-12-10T20:09:24.311997654-05:00
BTC-USD,96202.69026,1,ask,96215.797472,0.00013625,2024-12-10T20:10:24.916984903-05:00
BTC-USD,96111.855868,1,ask,96122.67152,0.00011253,2024-12-10T20:11:25.589852857-05:00
BTC-USD,96219.772072,1,ask,96230.22618,0.00010865,2024-12-10T20:12:26.219774729-05:00
